@Article{Statman:1979:TLE,
  author =       "R. Statman",
  title =        "The typed lambda -calculus is not elementary
                 recursive",
  journal =      j-THEOR-COMP-SCI,
  volume =       "9",
  number =       "1",
  pages =        "73--81",
  month =        jul,
  year =         "1979",
  CODEN =        "TCSCDI",
  ISSN =         "0304-3975",
  bibdate =      "Sat Nov 22 13:36:07 MST 1997",
  acknowledgement = ack-nhfb,
  classification = "C4210 (Formal logic)",
  corpsource =   "Dept. of Philosophy, Univ. of Michigan, Ann Arbor, MI,
                 USA",
  keywords =     "elementary recursive; formal logic; lambda calculus",
  pubcountry =   "Netherlands",
  treatment =    "T Theoretical or Mathematical",
}

@article{citeulike:622637,
	author = {Schwichtenberg, H. },
	citeulike-article-id = {622637},
	journal = {Archiv Logik Grundlagenforsch},
	keywords = {lambda-calculi},
	pages = {113--114},
	priority = {0},
	title = {Definierbare Funktionen im Lambda-Kalkul mit Typen},
	url = {http://citeseer.ist.psu.edu/contextsummary/598037/0},
	volume = {17},
	year = {1976}
}


@article{DBLP:journals/jacm/FortuneLO83,
  author    = {Steven Fortune and
               Daniel Leivant and
               Michael O'Donnell},
  title     = {The Expressiveness of Simple and Second-Order Type Structures},
  journal   = {J. ACM},
  volume    = {30},
  number    = {1},
  year      = {1983},
  pages     = {151-185},
  ee        = {db/journals/jacm/FortuneLO83.html, http://doi.acm.org/10.1145/322358.322370},
  bibsource = {DBLP, http://dblp.uni-trier.de}
}
