@Article{Statman:1979:TLE,
  author =       "R. Statman",
  title =        "The typed lambda -calculus is not elementary
                 recursive",
  journal =      j-THEOR-COMP-SCI,
  volume =       "9",
  number =       "1",
  pages =        "73--81",
  month =        jul,
  year =         "1979",
  CODEN =        "TCSCDI",
  ISSN =         "0304-3975",
  bibdate =      "Sat Nov 22 13:36:07 MST 1997",
  acknowledgement = ack-nhfb,
  classification = "C4210 (Formal logic)",
  corpsource =   "Dept. of Philosophy, Univ. of Michigan, Ann Arbor, MI,
                 USA",
  keywords =     "elementary recursive; formal logic; lambda calculus",
  pubcountry =   "Netherlands",
  treatment =    "T Theoretical or Mathematical",
}
