This file was created with JabRef 2.1 beta.
Encoding: Cp1252

@STRING{POPL = {ACM Symposium on Principles of Programming Languages}}


@unpublished{HO93a,
author={J. M. E. Hyland and C.-H. L. Ong},
title={Fair Games and Full Completeness for {Multiplicative
Linear Logic} without the {MIX}-Rule},
note={preprint},
year=1993}



@INPROCEEDINGS{DBLP:conf/sas/DimovskiGL05,
  author = {Aleksandar Dimovski and Dan R. Ghica and Ranko Lazic},
  title = {Data-Abstraction Refinement: A Game Semantic Approach.},
  booktitle = {SAS},
  year = {2005},
  pages = {102-117},
  bibsource = {DBLP, http://dblp.uni-trier.de},
  crossref = {DBLP:conf/sas/2005},
  ee = {http://dx.doi.org/10.1007/11547662_9}
}

@INPROCEEDINGS{abramsky:mchecking_ia,
  author = {Samson Abramsky},
  title = {Semantics via game theory},
  booktitle = {Marktoberdorf International Summer School},
  year = {2001},
  note = {Lecture slides},
  owner = {William},
  timestamp = {2006.05.12}
}

@INPROCEEDINGS{abramsky94full,
  author = {Samson Abramsky and Pasquale Malacaria and Radha Jagadeesan},
  title = {Full Abstraction for {PCF}},
  booktitle = {Theoretical Aspects of Computer Software},
  year = {1994},
  pages = {1-15},
  url = {citeseer.ist.psu.edu/abramsky95full.html}
}


@inproceedings{abramsky:game-semantics-tutorial,
    author = {Samson Abramsky and Guy McCusker},
    title={Game Semantics},
    editor={H. Schwichtenberg and U. Berger},
    booktitle={Logic and Computation: Proceedings of the 1997 Marktoberdorf Summer School},
    publisher={Springer-Verlag},
    note = {Lecture notes},
    year=1998
}



@inproceedings{ abramsky92games,
    author = "Samson Abramsky and Radha Jagadeesan",
    title = "Games and Full Completeness for Multiplicative Linear Logic",
    booktitle = "Foundations of Software Technology and Theoretical Computer Science ({FST}-{TCS}'92)",
    address = "New Delhi, India",
    editor = "R. Shyamasundar",
    pages = "291-301",
    year = "1992",
    url = "citeseer.ist.psu.edu/article/abramsky94games.html" }


@INPROCEEDINGS{ghicamccusker00,
  author = {Dan R. Ghica and Guy McCusker},
  title = {Reasoning about Idealized {\sc Algol} Using Regular Languages},
  booktitle = {Proceedings of 27th International Colloquium on Automata, Languages and Programming ICALP 2000},
  year = {2000},
  volume = {1853},
  series = {LNCS},
  pages = {103--116},
  publisher = {Springer-Verlag},
  url = {citeseer.ist.psu.edu/ghica00reasoning.html}
}

@inproceedings{AM97a,
author={Samson Abramsky and Guy McCusker},
title ={Linearity, Sharing and State: a fully abstract game
                  semantics for {I}dealized {A}lgol with active expressions},
booktitle={Algol-like languages},
editor = {P. W. O'Hearn and R. D. Tennent},
publisher = {Birkha\"user},
year=1997
}

@PHDTHESIS{huet76,
  author = {G{\'e}rard P. Huet},
  title = {R{\'e}solution d'{\'e}quations dans des langages d'ordre 1,2,...,$\omega$},
  school = {Universit{\'e} Paris VII},
  year = {1976},
  type = {Th{\`e}se de Doctorat es Sciences Math{\'e}matiques},
  month = {Septembre}
}

@ARTICLE{DBLP:journals/tcs/Huet75,
  author = {G{\'e}rard P. Huet},
  title = {A Unification Algorithm for Typed lambda-Calculus.},
  journal = {Theor. Comput. Sci.},
  year = {1975},
  volume = {1},
  pages = {27-57},
  number = {1},
  bibsource = {DBLP, http://dblp.uni-trier.de}
}

@ARTICLE{hylandong_pcf,
  author = {J. M. E. Hyland and C.-H. L. Ong},
  title = {On full abstraction for {PCF}: {I, II, and III}},
  journal = {Information and Computation},
  year = {2000},
  volume = {163},
  pages = {285--408},
  number = {2},
  month = {December},
  address = {Duluth, MN, USA},
  doi = {http://dx.doi.org/10.1006/inco.2000.2917},
  issn = {0890-5401},
  publisher = {Academic Press, Inc.}
}

@ARTICLE{DBLP:journals/tcs/JensenP76,
  author = {D. C. Jensen and Tomasz Pietrzykowski},
  title = {Mechanizing {\it mega}-Order Type Theory Through Unification.},
  journal = {Theor. Comput. Sci.},
  year = {1976},
  volume = {3},
  pages = {123-171},
  number = {2},
  bibsource = {DBLP, http://dblp.uni-trier.de}
}

@InProceedings{Ong02,
  author =   {C.-H. L. Ong},
  title =    {Observational equivalence of third-order {Idealized Algol} is decidable},
  booktitle = {Proceedings of IEEE Symposium on Logic in Computer Science, 22-25 July 2002, Copenhagen Denmark},
  year =     {2002},
  pages = {245-256},
  publisher = {Computer Society Press},
}

@misc{ murawski03program,
  author = "Andrzej S. Murawski",
  title = "On program equivalence in languages with ground-type references",
  text = " Andrzej S. Murawski, On program equivalence in languages with ground-type references,
    in: Proceedings of IEEE Symposium on Logic in Computer Science, 2003.",
  year = "2003",
  url = "citeseer.ist.psu.edu/murawski03program.html" }



@inproceedings{DBLP:conf/fossacs/MurawskiW05,
  author    = {Andrzej S. Murawski and
               Igor Walukiewicz},
  title     = {Third-Order Idealized Algol with Iteration Is Decidable.},
  booktitle = {FoSSaCS},
  year      = {2005},
  pages     = {202-218},
  ee        = {http://springerlink.metapress.com/openurl.asp?genre=article{\&}issn=0302-9743{\&}volume=3441{\&}spage=202},
  url        = {"http://www.labri.fr/publications/l3a/2005/MW05"},
  crossref  = {DBLP:conf/fossacs/2005},
  bibsource = {DBLP, http://dblp.uni-trier.de}
}

@proceedings{DBLP:conf/fossacs/2005,
  editor    = {Vladimiro Sassone},
  title     = {Foundations of Software Science and Computational Structures,
               8th International Conference, FOSSACS 2005, Held as Part
               of the Joint European Conferences on Theory and Practice
               of Software, ETAPS 2005, Edinburgh, UK, April 4-8, 2005,
               Proceedings},
  booktitle = {FoSSaCS},
  publisher = {Springer},
  series    = {Lecture Notes in Computer Science},
  volume    = {3441},
  year      = {2005},
  isbn      = {3-540-25388-2},
  bibsource = {DBLP, http://dblp.uni-trier.de}
}


@UNPUBLISHED{Ong2005,
  author = {C.-H. L. Ong},
  title = {Safe Lambda Calculus: Some Questions},
  note = {Note on the safe lambda calculus.},
  month = {December},
  year = {2005}
}

@ARTICLE{Abr02,
  author = {Samson Abramsky},
  title = {Algorithmic game semantics: a tutorial introduction. },
  year = {2001},
  owner = {William},
  publisher = {Proceedings of 2001 Marktoberdorf International Summer School, 2002.},
  timestamp = {2006.05.12}
}



@ARTICLE{DBLP:journals/tcs/Plotkin77,
  author = {Gordon D. Plotkin},
  title = {{LCF} Considered as a Programming Language.},
  journal = {Theor. Comput. Sci.},
  year = {1977},
  volume = {5},
  pages = {225-255},
  number = {3},
  bibsource = {DBLP, http://dblp.uni-trier.de}
}

@INCOLLECTION{Reynolds81,
  author = {John C. Reynolds},
  title = {The Essence of ALGOL},
  booktitle = {Algorithmic Languages},
  publisher = {IFIP, North-Holland},
  year = {1981},
  editor = {J. W. de Bakker and J. C. van Vliet},
  pages = {345-372},
  address = {Amsterdam},
  annote = {Principles behind ALGOL. 29 references.},
  key = {Reynolds}
}

@ARTICLE{scott93,
  author = {Dana S. Scott},
  title = {A type-theoretical alternative to ISWIM, CUCH, OWHY},
  journal = {Theor. Comput. Sci.},
  year = {1993},
  volume = {121},
  pages = {411--440},
  number = {1-2},
  address = {Essex, UK},
  doi = {http://dx.doi.org/10.1016/0304-3975(93)90095-B},
  issn = {0304-3975},
  publisher = {Elsevier Science Publishers Ltd.}
}

@PROCEEDINGS{DBLP:conf/sas/2005,
  title = {Static Analysis, 12th International Symposium, SAS 2005, London,
    UK, September 7-9, 2005, Proceedings},
  year = {2005},
  editor = {Chris Hankin and Igor Siveroni},
  volume = {3672},
  series = {Lecture Notes in Computer Science},
  publisher = {Springer},
  bibsource = {DBLP, http://dblp.uni-trier.de},
  booktitle = {SAS},
  isbn = {3-540-28584-9}
}





@UNPUBLISHED{scott_lcf,
  AUTHOR =       {Dana S. Scott},
  TITLE =        {A theory of computable function of higher type},
  NOTE =         {Unpublished seminar notes, University of Oxford},
  year =         {1969}
}


@InProceedings{Nickau:lfcs94,
  author =       "Hanno Nickau",
  title =        "Hereditarily Sequential Functionals",
  editor =       "Anil Nerode and Yu. V. Matiyasevich",
  booktitle =    "Proc. Symp. Logical Foundations of Computer Science:
                 Logic at St.\ Petersburg",
  publisher =    "Springer-Verlag",
  volume =       "813",
  series =       "Lecture Notes in Computer Science",
  pages =        "253--264",
  year =         "1994",
}



@INPROCEEDINGS{lor61,
  AUTHOR =       {Paul Lorenzen},
  TITLE =        {Ein dialogisches Konstruktivit\"atskriterium},
  YEAR =         {1961},
  BOOKTITLE =    {Infinitistic Methods.},
  editor =       {PWN, Warsaw},
  pages =        {193-200},
}


@article{ honda99gametheoretic,
    author = "Kohei Honda and Nobuko Yoshida",
    title = "Game-theoretic analysis of call-by-value computation",
    journal = "Theoretical Computer Science",
    volume = "221",
    number = "1--2",
    pages = "393--456",
    year = "1999",
    url = "citeseer.ist.psu.edu/article/honda97game.html" }

@inproceedings{ abramsky98callbyvalue,
    author = "Samson Abramsky and Guy McCusker",
    title = "Call-by-Value Games",
    booktitle = "Computer Science Logic: 11th International Workshop Proceedings",
    publisher = "Springer-Verlag",
    editor = "Mogens Nielsen and Wolfgang Thomas",
    year = "1998",
    url = "citeseer.ist.psu.edu/abramsky97callbyvalue.html" }

@article{DBLP:journals/apal/AbramskyJ05,
  author    = {Samson Abramsky and
               Radha Jagadeesan},
  title     = {A game semantics for generic polymorphism.},
  journal   = {Ann. Pure Appl. Logic},
  volume    = {133},
  number    = {1-3},
  year      = {2005},
  pages     = {3-37},
  ee        = {http://dx.doi.org/10.1016/j.apal.2004.10.002},
  bibsource = {DBLP, http://dblp.uni-trier.de}
}

@book{CroleRL:catt,
 author     = {Crole, Roy},
 title      = {Categories for Types},
 publisher  = {Cambridge University Press},
 series     = {Cambridge Mathematical Textbooks},
 year       = 1993,
 isbn       = 0521450926}


@article{hoare_csp,
 author = {C. A. R. Hoare},
 title = {Communicating sequential processes},
 journal = {Commun. ACM},
 volume = {26},
 number = {1},
 year = {1983},
 issn = {0001-0782},
 pages = {100--106},
 doi = {http://doi.acm.org/10.1145/357980.358021},
 publisher = {ACM Press},
 address = {New York, NY, USA},
 }


@PhdThesis{McC96b,
  author =   "Guy McCusker",
  title =    "Games and Full Abstraction for a Functional
          Metalanguage with Recursive Types",
  school =   "Imperial College",
  year =     "1996",
  OPTcrossref =  "",
  OPTkey =   "",
  OPTaddress =   "",
  OPTmonth =     "",
  OPTtype =      "",
  OPTnote =      "",
  OPTannote =    ""
}




@inproceedings{berry-stable,
 author = {G\'erard Berry},
 title = {Stable Models of Typed lambda-Calculi},
 booktitle = {Proceedings of the Fifth Colloquium on Automata, Languages and Programming},
 year = {1978},
 isbn = {3-540-08860-1},
 pages = {72--89},
 publisher = {Springer-Verlag},
 address = {London, UK},
 }


@PHDTHESIS{gberry-thesis,
  AUTHOR =       {G\'erard Berry},
  TITLE =        {Mod\`eles Compl\'ement Ad\'equats et Stable des Lambda-calculs typ\'es.},
  SCHOOL =       {Universit\'e Paris VII},
  YEAR =         {1979},
  type =         {PhD thesis}
}


@article{DBLP:journals/tcs/Senizergues01,
  author    = {G{\'e}raud S{\'e}nizergues},
  title     = {{L(A)=L(B)?} decidability results from complete formal systems.},
  journal   = {Theor. Comput. Sci.},
  volume    = {251},
  number    = {1-2},
  year      = {2001},
  pages     = {1-166},
  ee        = {http://dx.doi.org/10.1016/S0304-3975(00)00285-1},
  bibsource = {DBLP, http://dblp.uni-trier.de}
}


@inproceedings{stirling02,
 author = {Colin Stirling},
 title = {Deciding DPDA Equivalence Is Primitive Recursive},
 booktitle = {ICALP '02: Proceedings of the 29th International Colloquium on Automata, Languages and Programming},
 year = {2002},
 isbn = {3-540-43864-5},
 pages = {821--832},
 publisher = {Springer-Verlag},
 address = {London, UK},
 }

@inproceedings{DBLP:conf/icalp/MurawskiOW05,
  author    = {Andrzej S. Murawski and
               C.-H. Luke Ong and
               Igor Walukiewicz},
  title     = {Idealized Algol with Ground Recursion, and DPDA Equivalence.},
  booktitle = {ICALP},
  year      = {2005},
  pages     = {917-929},
  ee        = {http://dx.doi.org/10.1007/11523468_74},
  crossref  = {DBLP:conf/icalp/2005},
  bibsource = {DBLP, http://dblp.uni-trier.de}
}

@proceedings{DBLP:conf/icalp/2005,
  editor    = {Lu\'{\i}s Caires and
               Giuseppe F. Italiano and
               Lu\'{\i}s Monteiro and
               Catuscia Palamidessi and
               Moti Yung},
  title     = {Automata, Languages and Programming, 32nd International
               Colloquium, ICALP 2005, Lisbon, Portugal, July 11-15, 2005,
               Proceedings},
  booktitle = {ICALP},
  publisher = {Springer},
  series    = {Lecture Notes in Computer Science},
  volume    = {3580},
  year      = {2005},
  isbn      = {3-540-27580-0},
  bibsource = {DBLP, http://dblp.uni-trier.de}
}

@article{Mur04b,
author={Andrzej S. Murawski},
title={Games for complexity second-order call-by-name programs},
journal={Theoretical Computer Science},
note={special issue: Game Theory meets Computer Science, accepted for
publication},year={2005}}


@article{ abramsky99full,
    author = "Samson Abramsky and Guy McCusker",
    title = "Full abstraction for {Idealized Algol} with passive expressions",
    journal = "Theoretical Computer Science",
    volume = "227",
    number = "1--2",
    pages = "3--42",
    year = "1999",
    url = "citeseer.ist.psu.edu/abramsky98full.html" }

@PHDTHESIS{willgreenlandthesis,
  AUTHOR =       {Will Greenland},
  TITLE =        {Game Semantics for Region Analysis.},
  SCHOOL =       {University of Oxford},
  YEAR =         {2004},
}


@MISC{blumtransfer,
  author =       {William Blum},
  title =        {{PRS} Transfer thesis},
  howpublished = {University of Oxford},
  year =         {2006},
  month =        {August}
}


@INPROCEEDINGS{mccusker2001,
	AUTHOR       = {Guy McCusker},
	TITLE        = {On the semantics of Idealized Algol without the bad-variable constructor},
	BOOKTITLE    = {Nineteenth Conference on the Mathematical Foundations of Programming Semantics},
	YEAR         = {2003},
	EDITOR       = {ENTCS},
	PUBLISHER    = {Elsevier},
	volume       = {83}
}



@article{DBLP:journals/apal/Ong04,
  author    = {C.-H. Luke Ong},
  title     = {An approach to deciding the observational equivalence of
               Algol-like languages.},
  journal   = {Ann. Pure Appl. Logic},
  volume    = {130},
  number    = {1-3},
  year      = {2004},
  pages     = {125-171},
  ee        = {http://dx.doi.org/10.1016/j.apal.2003.12.006},
  bibsource = {DBLP, http://dblp.uni-trier.de}
}
