@MISC{blumtransfer,
  author =       {William Blum},
  title =        {Transfer thesis},
  howpublished = {University of Oxford},
  year =         {2006},
  month =        {August}
}


@inproceedings{abramsky:game-semantics-tutorial,
    author = {Samson Abramsky and Guy McCusker},
    title={Game Semantics},
    booktitle={Logic and Computation: Proceedings of the 1997 Marktoberdorf Summer School},
    publisher={Springer-Verlag},
    note = {Lecture notes},
    year=1998
}

@TECHREPORT{safety-mirlong2004,
  author = {Klaus Aehlig and Jolie G. de Miranda and C.-H. Luke Ong},
  title = {Safety is not a restriction at Level 2 for string languages},
  institution = {University of Oxford},
  year = {2004},
  timestamp = {2006.05.12}
}

@INPROCEEDINGS{KNU02,
  author = {T.~Knapik and D.~Niwi{\'n}ski and P.~Urzyczyn},
  title = {Higher-order pushdown trees are easy},
  booktitle = {FOSSACS},
  year = {2002},
  pages = {205-222},
  publisher = {Springer},
  note = {LNCS Vol.~2303},
  timestamp = {2006.05.12}
}

@INPROCEEDINGS{OngLics2006,
  author = {C.-H. Luke Ong},
  title = {On model-checking trees generating by higher-order recursion schemes},
  note = {},
  year = {2006},
  BOOKTITLE = {Proceedings of LICS.},
  publisher = {Computer Society Press},
}


@book{Barendregt84,
  author  = {Hendrik Pieter Barendregt},
  title   = {{The Lambda Calculus -- Its Syntax and Semantics}},
  publisher = {North-Holland},
  year    = 1984,
  volume  = {103},
  series  = {Studies in Logic and the Foundations of Mathematics},
  topics  = {FP - Lambda Calculi}
}


@ARTICLE{DBLP:journals/tcs/Plotkin77,
  author = {Gordon D. Plotkin},
  title = {{LCF} Considered as a Programming Language.},
  journal = {Theor. Comput. Sci.},
  year = {1977},
  volume = {5},
  pages = {225-255},
  number = {3},
  bibsource = {DBLP, http://dblp.uni-trier.de}
}

@INCOLLECTION{Reynolds81,
  author = {John C. Reynolds},
  title = {The Essence of ALGOL},
  booktitle = {Algorithmic Languages},
  publisher = {IFIP, North-Holland},
  year = {1981},
  editor = {J. W. de Bakker and J. C. van Vliet},
  pages = {345-372},
  address = {Amsterdam},
  annote = {Principles behind ALGOL. 29 references.},
  key = {Reynolds}
}
