@inproceedings{KNU02, author={T.~Knapik and D.~Niwi{\'n}ski and
P.~Urzyczyn}, title={Higher-order pushdown trees are easy},
booktitle={FOSSACS'02}, publisher={Springer}, note={LNCS Vol.~2303},
pages={205-222}, year=2002}


@inproceedings{DBLP:conf/fossacs/AehligMO05,
  author    = {Klaus Aehlig and
               Jolie G. de Miranda and
               C.-H. Luke Ong},
  title     = {Safety Is not a Restriction at Level 2 for String Languages.},
  booktitle = {FoSSaCS},
  year      = {2005},
  pages     = {490-504},
  ee        = {http://springerlink.metapress.com/openurl.asp?genre=article{\&}issn=0302-9743{\&}volume=3441{\&}spage=490},
  crossref  = {DBLP:conf/fossacs/2005},
  bibsource = {DBLP, http://dblp.uni-trier.de}
}
