@article{Mas74,
author={A. N. Maslov},
title={The hierarchy of indexed languages of an arbitrary level},
journal={Soviet Math. Dokl.},
volume={15},
pages={1170-1174},
year={1974}}

@article{Cho59,
author={N. Chomsky},
title={On certain formal properties of grammars},
journal={Information and Control},
volume=2,
pages={137-167},
year=1959}

@incollection{Abr83,
author={ S. Abramsky},
title={Experiments, Powerdomains and Fully Abstract Models for
Applicative Multiprogramming},
publisher={Springer},
booktitle={Proc. Conf. FCT '83},
note={LNCS Vol.~158},
year=1983}

@unpublished{Abr85,
author={S. Abramsky},
title={Semantics of Programming Languages},
note={Notes for an Advanced MSc Course, Imperial College, London},
year={1985}}

@incollection{Abr86,
author={ S. Abramsky},
title={Strictness analysis and polymorphic invariance},
publisher={Springer-Verlag},
editor={H. Ganzinger and N. Jones},
booktitle={Programs as Data Objects},
pages={1-23},
year=1986}


@incollection{Abr87a,
author={ S. Abramsky},
title={Domain Theory in Logical Form},
publisher={The Computer Society Press},
booktitle={Proc. Conf. Logic in Computer Science},
year=1987}

@phdthesis{Abr87b,
author={ S. Abramsky},
title={Domain Theory  and the Logic of Observable Properties},
school={University of London},
pages={236 pp.},
year=1987}

@unpublished{Abr87d,
author={ S. Abramsky},
title={A Domain Equation for Bisimulation},
note={Department of Computing, Imperial College},
year=1987}

@article{Abr87c,
author={S. Abramsky},
title={Observation Equivalence as a Testing Equivalence},
journal={Theoretical Comp.~Sc.},
volumn=53,
pages={225--241},
year=1987}

@article{AC84,
author={E. Astesiano and G. Costa},
title={Distributive Semantics for Non-Deterministic Typed
Lambda Calculus},
journal={Theoretical Computer Science},
volume=32,
pages={121--156},
year=1984}

@unpublished{Acz78,
author={ P. Aczel},
title={A General Church-Rosser Theorem},
note={Unpublished manuscript},
year=1978}

@incollection{Acz80,
author={ P. Aczel},
title={Frege Structures and the Notions of Proposition, Truth and Set},
booktitle={The Kleene Symposium},
editor={J. Barwise and H.J. Keisler and K. Kunen},
publisher={North-Holland Publishing Company},
pages={31--59},
year=1980}

@unpublished{Acz80b,
author={P. Aczel},
title={A note on interpreting higher order intuitionistic
logic},
note={unpublished note, Manchester University},
year=1980}

@book{AH87a,
editor={S. Abramsky and C. L. Hankin},
title={Abstract Interpretation for Declarative Languages},
publisher={Ellis Horwood},
year=1987}}

@article{Aho68,
author={A. Aho},
title={Indexed grammars - an extension of context-free grammars},
journal={J. ACM},
volume={15},
pages={647-671},
year=1968}

@article{Aho69,
author={A. Aho},
title={Nested stack automata},
journal={J. ACM},
volume={16},
pages={383-406},
year=1969}

@book{AHU74,
author={A.~V. Aho and J.~E. Hopcroft and J.~D. Ullman},
title={The Design and Analysis of Computer Algorithms},
publisher={Addison-Wesley},
year=1974}

@techreport{AL86,
author={ A. Asperti and G. Longo},
title={Categories of Partial Morphisms and the Relation
between Type Structures},
institution={Dipartimento di Informatica, Universit\`a di Pisa},
type={Nota Scientifica},
number={S-7-85},
note={Invited Lecture, Banach Semester 1985},
year=1986}

@book{All86,
author={L. Allison},
title={A Practical Introduction to Denotational Semantics},
publisher={Cambridge University Press},
year={1986}}

@inproceedings{Ama88,
author={ R. M. Amadio},
title={A Fixed Point Extension of the Second Order Lambda Calculus:
Observable Equivalences and Models},
booktitle={Third Annual Symposium on Logic in Computer Science, Edinburgh},
publisher={The Computer Society},
pages={51--60},
year=1988}

@article{AP86,
author={Apt, K. R. and Plotkin, G. D.},
title={Countable Non-determinism and Random Assignment},
journal={JACM},
volume=33,
pages={724--767},
year=1986}

@inproceedings{Aug84,
author={ L. Augustsson},
title={A Compiler for Lazy {ML}},
booktitle={ACM Symp. on Lazy and Functional Programming},
pages={218--227},
year=1984}

@article{Bac78,
author={ J. W. Backus},
title={Can Programming be Liberated from the von {Neuman}
 Style?},
journal={Comm. ACM},
volume=21,
pages={613--641},
year=1978}

@book{Bak80,
author={J. de Bakker},
title={Mathematical Theory of Program Correctness},
publisher={Prentice-Hall},
year={1980}}

@phdthesis{Bar71,
author={ H. P. Barendregt},
title={Some Extensional Term Models for Combinatory Logics and
$\lambda$-Calculi},
school={University of Utrecht},
year=1971}

@book{Bar77,
editor={J. Barwise},
title={Handbook of Mathematical Logic},
publisher={North-Holland},
year=1977}

@book{Bar79,
author={M. Barr},
title={$\ast$-Autonomous Categories},
publisher={Springer-Verlag},
note={Lecture Notes in Mathematics Vol.~752},
year=1979}

@book{Bar84,
author={ H. Barendregt},
title={The Lambda Calculus},
publisher={North-Holland},
pages={621 pp.},
edition={revised},
year=1984}

@incollection{BC85,
author={ G. Berry and P.-L. Curien},
title={Theory and Practice of Sequential Algorithms: the
kernel of the programming language {\bf {CDS}}},
booktitle={Algebraic Semantics},
publisher={Cambridge University Press},
editor={M. Nivat and J. Reynolds},
year=1985}

@article{Ben85,
author={ J. Benabou},
title={Fibred Categories and the Foundations of Na\"ive Category
Theory},
journal={J. Symb.~Logic},
vol={50},
pages={10--37},
year=1985}

@article{Bet87,
author={ I. Bethke},
title={On the Existence of Extensional Partial Combinatory
Algebras},
journal={J. Symb.~Logic},
vol={52},
pages={819--833},
year=1987}

@techreport{BKK86,
author={ H. P. Barandregt and J. R. Kennaway and J. W. Klop and
M. R. Sleep},
title={Needed Reduction and Spine Strategies for the Lambda Calculus},
institution={Centre for Mathematics and Computer Science, Amsterdam},
number={CS-R8621},
year=1986}

@inproceedings{Blo88,
author={ B. Bloom},
title={Can {LCF} be Topped? Flat Lattice Models of Typed
Lambda Calculus},
booktitle={Proceedings of  the third Symposium on LICS},
publisher={Computer Society Press},
year=1988}

@article{BCD83,
author={ H. Barendregt and M. Coppo and M. Dezani-Ciancaglini},
title={A Filter Lambda Model and the Completeness of Type-Assignment},
journal={J. Symbolic Logic},
volume=48,
pages={931--940},
year=1983}

@article{BHA86b,
author={ G. Burn and Hankin, C. and Abramsky, S.},
title={Strictness Analysis for Higher Order Functions},
journal={Science of Computer Programming},
volume={7},
pages={249--278},
year=1986}

@incollection{BK80,
author={ H. Barendregt and K. Koymans},
title={Comparing Some Classes of Lambda-Calculus Models},
booktitle={To H. B. Curry: Essays on Combinatory Logic,
Lambda Calculus and Formalism},
editor={J. P. Seldin and J. R. Hindley},
publisher={Academic Press},
pages={287--301},
year={1980}}

@incollection{BL80,
author={ H. Barendregt and G. Longo},
title={Equality of $\lambda$-Terms in the Model {${\Bbb T}^{\omega}$}},
booktitle={To H. B. Curry: Essays on Combinatory Logic,
Lambda Calculus and Formalism},
publisher={Academic Press},
editors={Seldin, J. P. and Hindley, J. R.},
year=1980}}


@Article{Blu67,
  author =   {M. Blum},
  title =    {A machine-independent theory of the complexity of
                  recursive
functions},
  journal =      {J.ACM},
  year =     {1967},
  volume =   {14},
  number =   {2},
  pages =    {322-336},
}

@techreport{BMS80,
author={ R. M. Burstall and D. B. MacQueen and D. T. Sanella},
title={HOPE: an Experimental Applicative Language},
number={CSR-62-80},
institution={Department of Computer Science, Univ. of Edinburgh},
year=1980}

@techreport{BvL86,
author={ H. Barendregt and M. van Leeuwen},
title={Functional Programming and the Language TALE},
institution={University of Utrecht, Dept. of Mathematics},
type={Technical Report},
number=412,
year=1986}

@book{Bee85,
author={ M. J. Beeson},
title={Foundations of Constructive Mathematics},
publisher={Springer-Verlag},
year=1985}

@book{Bel88,
author={J. L. Bell},
title={Toposes and Local Set Theories: An Introduction},
publisher={Oxford University Press},
note={Oxford Logic Guides 14},
year=1988}

@inproceedings{Ber78b,
author={ G. Berry},
title={S\'equentialit\'e de l'\'evaluation formelle des $\lambda$-expressions},
booktitle={Proc. 3\`eme Colloque International sur la Programmation,
Paris},
year=1978}

@inproceedings{Ber78a,
author={ G. Berry},
title={Stable Models of Typed Lambda Calculus},
booktitle={Proc. 5th Colloquium on Algorithms, Languages and Programming},
pages={72--89},
publisher={Springer-Verlag},
note={LNCS Vol.~62},
year=1978}

@techreport{Ber79,
author={ G. Berry},
title={Mod\`eles Compl\`etement Ad\'equats et Stables des Lambda Calculs
Typ\'es},
institution={Universit\'e Paris VII},
note={Th\`ese de Doctorat d'Etat},
year=1979}

@techreport{Ber81,
author={ G. Berry},
title={Some Syntactic and Categorical Constructions of Lambda
Calculus Models},
institution={Institute National de Recherche en Informatique et en
Automatique (INRIA)},
type={Papport de Recherche},
number=80,
year=1981}

@article{BC82,
author={ G. Berry and P.-L. Curien},
title={Sequential Algorithms on Concrete
Data Structures},
journal={Theoretical Computer Science},
volume=20,
pages={265--321},
year=1982}

@incollection{BCL86,
author={ G. Berry and P.-L. Curien and J.-J. L\'evy},
title={Full Abstraction for Sequential Languages:
the State of the Art},
booktitle={Algebraic Semantics},
publisher={Cambridge University Press},
editor={M. Nivat and J. Reynolds},
pages={89--132},
year=1986}

@incollection{Bir70,
author={ G. Birkhoff},
title={What can lattice do for you?},
booktitle={Trends in Lattice Theory},
editor={J. C. Abbott},
publisher={Van Nostrand, New York},
year=1966}

@article{BL84,
author={ K. Bruce and G. Longo},
title={On Combinatory Algebras and their Expansions},
journal={Theoretical Computer Science},
volume=31,
pages={31--40},
year=1984}

@inproceedings{BL85,
author={ K. B. Bruce and G. Longo},
title={Provable Isomorphisms and Domain Equations in
Models of Typed Languages},
booktitle={Proceedings of the Seventeenth Annual ACM
symposium on Theory of Computing},
pages={263--272},
year=1985}

@techreport{Boh68,
author={ C. B{\"o}hm},
title={Alcune Proprieta delle forme $\beta\eta$-normali nel
$\lambda K$-calculus},
institution={Instituto per le Applicazioni del Calcolo, Roma},
type={Pubblicazioni},
number=696,
year=1968}


@incollection{Bro83,
author={M. Broy},
title={Fixed Point Theory for Communication and Concurrency},
booktitle={Formal Description of Programming Concepts II},
editor={D. Bj\/orner},
publisher={North-Holland},
year=1983}

@book{Bur75,
author={ W. H. Burge},
title={Recursive programming techniques},
publisher={Addison Wesley},
address={Reading, Mass.},
year=1975}

@book{BW88,
author={ R. Bird and P. Wadler},
title={Introduction to Functional Programming},
publisher={Prentice-Hall},
address={London},
year=1988}

@inproceedings{Car84,
author={ L. Cardelli},
title={Compiling a Functional Language},
booktitle={ACM Conf. on Lisp and Functional Languages},
year=1984}

@phdthesis{Car78,
author={J. Cartmell},
title={Generalized Algebraic Theories and Contextual
Categories},
school={University of Oxford},
year=1978}


@article{Car86,
author={J. Cartmell},
title={Generalized Algebraic Theories and Contextual
Categories},
journal={Annals of Pure and Applied Logic},
volume=32,
year=1986}

@article{Car87,
author={L. Cardelli},
title={Basic Polymorphic Typechecking},
journal={Science of Computer Programming},
pages={147--172},
year={1987}}

@inproceedings{CC77,
author={P. Cousot and R. Cousot},
title={Abstract Interpretation: A Unified Lattice Model for Static Analysis of Programs by Construction or Approximation of Fixpoints},
booktitle={Proceedings of 4th ACM Symp.~POPL},
pages={238-252},
year=1977}

@Article{CCM87,
  author =   {G. Cousineau and P.-L. Curien and M. Mauny},
  title =    {The categorical abstract machine},
  journal =      {Science of Computer Programming},
  year =     {1987},
  volume =   {8},
  pages =    {173-202}}

@inproceedings{CDD86,
author={D. Cl\'ement and J. Despeyroux and T. Despeyroux and G. Kahn},
title={A Simple Applicative Language: Mini-ML},
booktitle={ACM Conf. on Lisp and Functional Languages},
year=1986}

@incollection{CDHL84,
author={ M. Coppo and M. Dezani-Ciancaglini and F. Honsell and
G. Longo},
title={Extended Type Structure and Filter Lambda Models},
booktitle={Logic Colloquium '82},
publisher={Elsevier Science Publishers B.V. (North-Holland)},
editor={G. Lolli and G. Longo and A. Marcja},
pages={241--262},
year=1984}

@article{CDV81,
author={ M. Coppo and M. Dezani-Ciancaglini and B. Venneri},
title={Functional Characters of Solvable Terms},
journal={Z. Math. Logik. Grundlagen},
volume=27,
pages={44--58},
year=1981}

@article{CDZ87,
author={ M. Coppo and M. Dezani-Ciancaglini and
M. Zacchi},
title={Type Theories, Normal Forms and {$D_\infty$} $\lambda$-models},
journal={Information and Computation},
volume=72,
pages={85--116},
year=1987}

@book{CF58,
author={ H. B. Curry and R. Feys},
title={Combinatory Logic I},
publisher={North-Holland, Amsterdam},
year=1958 }

@incollection{CFS88,
author={A. Carboni and P. J. Freyd and A. Scedrov},
title={A Categorical Approach to Realizability and Polymorphic Types},
booktitle={Mathematical Foundations of Programming Language Semantics},
editor={M. Main {\sl et al.}},
publisher={Springer},
note={LNCS Vol.~298},
year=1988}

@inproceedings{CGW87,
title={dI-Domains as a Model of Polymorphism},
author={ T. Coquand and C. A. Gunter and G. Winskel},
booktitle={Proc. Third Workshop on the Mathematical Foundations of
Programming Language Semantics},
publisher={Springer-Verlag},
note={Lecture Notes in Computer Science Vol. 298},
pages={344--363},
year=1987}

@article{CH88,
title={{The Calculus of Constructions}},
author={ T. Coquand and G. Huet},
journal={Info.~and Comp.},
volume={76},
pages={95--120},
year=1988}

@book{CHS72,
author={ H. B. Curry and J. R. Hindley and J. P. Seldin},
title={Combinatory Logic II},
publisher={North-Holland, Amsterdam},
year=1972}}

@proceedings{Cha83,
title={Workshop on Semantics of Programming Languages},
editor={P. Dybjer and B. Nordstr\"{o}m and K. Petersson and J. Smith},
organization={Programming Methodology Group, Chalmers University of Technology},
month={August},
address={G\"{o}teborg, Sweden},
year=1983}

@article{Chu36,
author={ A. Church},
title={An Unsolvable Problem in Elementary Number Theory},
journal={Amer. J. Math.},
volume=58,
pages={345--363},
year=1936}

@article{Chu40,
author={ A. Church},
title={A Formulation of the Simple Theory of Types},
journal={J. Symbolic Logic},
volume=5,
pages={56-68},
year=1940}


@article{CO88,
author={ P.-L. Curien and A. Obtu{\l}owicz},
title={Partiality and {Cartesian} Closedness},
journal={Information and Computation},
note={To appear},
year=1988}

@book{Con76,
author={J. H. Conway},
title={On Numbers and Games},
note={Vol.~6 of London Mathematical Society Monograph},
publisher={Academic Press},
year=1976}


@article{Cop84,
author={ M. Coppo},
title={Completeness of Type Assignment in Continuous Lambda
Models},
journal={Theoretical Computer Science},
volume=29,
pages={309--324},
year=1984}

@techreport{Cos88,
author={ S. C. Cosmodakis},
title={Computing with Recursive Types},
institution={T. J. Watson Research Center, IBM Research Division},
type={Research Report},
number={RC 14096},
year=1988}

@article{Cou83,
author={B. Courcelle},
title={Fundamental properties of infinite trees},
journal={Theoretical Computer Science},
volume=25,
pages={95--169},
year=1983}

@article{CR36,
author={ A. Church and J. B. Rosser},
title={Some Properties of Conversion},
journal={Tran. Amer. Math. Soc.},
volume=39,
pages={472--482},
year=1936}

@InProceedings{CU88,
  author =   {S. A. Cook and A. Urquhart},
  title =    {Functional interpretations of feasibly constructive arithmetic},
  booktitle =    {Proc.~21st STOC},
  year =     {1988}
}

@book{Cur86a,
author={ P.-L. Curien},
title={Categorical Combinators, Sequential Algorithms
and Functional Programming},
publisher={Pitmans},
year=1986}

@article{Cur86b,
author={ P.-L. Curien},
title={Categorical Combinators},
journal={Information and Control},
volume=69,
pages={188--254},
year=1986}

@article{CW85,
author={L. Cardelli and P. Wegner},
title={On Understanding Types, Data Abstraction, and Polymorphism},
journal={Computing Surveys},
volume=17,
number=4,
publisher={ACM},
pages={471--522},
year=1985}

@article{Dam82,
author={W. Damm},
title={The {IO-} and {OI}-hierarchy},
journal={TCS},
volume=20,
pages={95-207},
year=1982}


@incollection{Dar84,
author={ J. Darlington},
title={Functional Programming},
booktitle={Distributed Computing},
editor={Chambers and Duce},
pages={57--77},
publisher={Academic Press},
year={1984}}

@book{Dal83,
author={D. van Dalen},
title={Logic and Structure},
publisher={Springer-Verlag},
edition={second},
note={Universitext},
year=1983}

@book{Dev80,
author={K. Devlin},
title={Fundamentals of Contemporary Set Theory},
publisher={Springer-Verlag},
note={Universitext},
year={1980}}

@article{DG86,
author={W. Damm and A. Goerdt},
title={An automata-theoretical characterization of the {OI}-hierarchy},
journal={Information and Control},
volume=71,
pages={1-32},
year=1986}

@book{Dij76,
author={Dijkstra, E. W.},
title={A Discipline of Programming},
publisher={Prentice-Hall},
year=1976}

@article{DH84,
author={De Nicola, R. and Hennessy, M.},
title={Testing Equivalence for Processes},
journal={Theoretical Comp.~Sc.},
volume={34},
year=1984}

@inproceedings{DR81,
author={ J. Darlington and M. Reeves},
title={ALICE: A Multi-processor Reduction Machine for the Parallel
Evaluation of Applicative Languages},
booktitle={Proc. ACM/MIT Conference on Functional
Programming Languages and Computer Architecture,
1981},
pages={65--74},
year=1981}

@article{DM86,
author={ M. Dezani-Ciancaglini and I. Margaria},
title={A Characterization of {$F$}-Complete Type Assignments},
journal={Theoretical Computer Science},
volume=45,
pages={121--157},
year=1986}

@article{DH88,
author={ diPaola, R. and Heller, A.},
title={Dominical Categories},
journal={J. Symbolic Logic},
note={To appear},
year=1988}

@book{Dug66,
author={J. Dugundji},
title={Topology},
publisher={Allyn \& Bacon, Newton, MA},
year=1966}

@Book{Dun88,
  author =   {P. E. Dunne},
  title =    {The Complexity of Boolean Networks},
  publisher =    {Academic Press},
  year =         1988
}

@unpublished{Eas93,
author={K. A. Eastaughffe},
title={A Study of Cut Elimination in the
Geometry of Interaction},
note={Oxford University DPhil transfer dessertation},
pages={38 pp.},
year=1993}

@inproceedings{Ehr88,
author={Th. Ehrhard},
title={A Categorical Semantics of Constructions},
booktitle={{\sc ieee} Annual Symp.~Logic in Computer Science},
publisher={Computer Society Press},
year=1988}

@article{Eng81,
author={ Engeler, E.},
title={Algebras and Combinators},
journal={Algebra Universalis},
pages={389--392},
volume=13,
year=1981}

@article{Ers73,
author={ Ershov, Y.},
title={Theorie der Numerierungen {I \& II}},
journal={Z. Math.~Logik.},
volume={19 \& 21},
year={1973 \& 1975}}

@incollection{Ers77,
author={Ershov, Y.},
title={Model {$C$} of Partial Continuous Functionals},
booktitle={Logic Colloquium 76},
editor={R. Gandy and J. M. E. Hyland},
publisher={North-Holland},
year=1977}

@phdthesis{Fai85,
author={ J. Fairbairn},
title={Design and Implementation of a Simple Typed Language based on the
Lambda Calculus},
school={Univ. of Cambridge},
year=1985}


@InCollection{Fel88,
  author =   "M. Felleisen",
  title =    "The Theory and Practice of First-Class Prompts",
  booktitle = "Proc.~15th Annual ACM Symp.~Principles of
Programming Languages, San Diego",
  publisher = "ACM Press",
  year =     "1988",
  pages =    "180--190"
}


@article{FFK87,
author={M. Felleisen and D. P. Friedman and E. Kohlbecker and
B. Duba},
title={A syntactic theory of sequential control},
journal={Theoretical Computer Science},
volume=52,
pages={205-237},
year=1987}

@incollection{FF86,
author={M. Felleisen and D. P. Friedman},
title={Control operators, the {\sc secd}-machine,
and the $\lambda$-calculus},
booktitle={Formal Description of Programming Concepts III},
editor={M. Wirsing},
publisher={Elsevier Science Publishers, Amsterdam},
pages={193--217},
year=1986}

@incollection{Fle86,
author={W. Felscher},
title={Dialogues as a foundation for Intuitionistic Logic},
booktitle={Handbook of Philosophical Logic, Vol.~III},
editor={D. Gabbay and F. Guenthner},
publisher={D.~Reidel Publishing Company},
pages={341--372},
year=1986}

@article{FLO83,
author={ S. Fortune and D. Leivant and M. O'Dononell},
title={The Expressiveness of Simple and Second-Order Type
Structure},
journal={J. ACM},
volume=30,
pages={151--185},
year=1983}

@incollection{Fou77,
author={ M. P. Fourman},
title={The Logic of Topoi},
booktitle={Handbook of Mathematical Logic},
editor={Jon Barwise},
publisher={North-Holland},
pages={1053--1090},
year=1977}

@incollection{FS79,
author={ M. P Fourman and D. S. Scott},
title={Sheaves and Logic},
booktitle={Applications of Sheaves},
editor={M. P. Fourman and C. J. Mulvey and D. S. Scott},
publisher={Springer-Verlag},
pages={302--401},
note={Lecture Notes in Mathematics Volume 753},
year={1979}}

@book{Fra86,
author={Francez, N.},
title={Fairness},
publisher={Springer},
year={1986}}

@book{Fre03,
author={ G. Frege},
title={Grundgesetze der Arithmetik, begriffsschriftlich
abgeleitet},
publisher={},
note={Vol. I and II(Jena)},
year={1903}}

@incollection{FW76,
author={ Friedman, D. P. and D. S. Wise},
title={CONS Should Not Evaluate its Arguments},
booktitle={Automata, Languages and Programming},
editor={Michaelson and Milner},
publisher={Edinburgh University Press},
year=1976}

@inproceedings{FW87,
author={ J. Fairbairn and S. Wray},
title={TIM: a simple, lazy abstract machine to execute supercombinators},
booktitle={Proc. IFIP Conf. on Functional Programming Languages and
Computer Architecture, Portland},
editor={G. Kahn},
publisher={Springer},
pages={43--45},
note={LNCS 274},
year=1987}

@incollection{Gan67,
author={R. O. Gandy},
title={Computable Functionals of Finite Type {I}},
booktitle={Sets, Models and Recursion Theory},
editor={J. N. Crossley},
publisher={North-Holland},
year=1967}
ough not expected to require
a huge amount of programming,

@article{GF80,
 author = {S. A. Greibach and E. P. Friedman},
 title = {Superdeterministic PDAs: A Subcase with a Decidable Inclusion problem},
 journal = {J. ACM},
 volume = {27},
 number = {4},
 year = {1980},
 issn = {0004-5411},
 pages = {675--700},
 publisher = {ACM Press},
 }


@incollection{GH76,
author={R. O. Gandy and J. M. E. Hyland},
title={Computable and recursively countable functionals of higher type},
booktitle={Logic Colloquium 1976},
editor={R. O. Gandy and J. M. E. Hyland},
publisher={North-Holland},
pages={407-138},
year=1967}

@book{GHK80,
author={ G. Gierz and K. H. Hofmann and K. Keimel and J. D. Lawson
and M. Mislove and D. S. Scott},
title={A Compendium of Continuous Lattices},
publisher={Springer-Verlag, Berlin},
year=1980}

@unpublished{Gir72,
author={ J.-Y. Girard},
title={Interpr\'etation Fonctionnelle et \'Elimination des Coupures dans
l'Arithm\'etique d'Ordre Sup\'erieur},
note={Th\`ese de Doctorat d'Etat, Paris},
year=1972}

@article{Gir81,
author={J.-Y. Girard},
title={$\Pi^2_1$ {Logic: Part I, Dilators}},
journal={Annals of Mathematical Logic},
pages={75--219},
year=1981}

@article{Gir86,
author={ J.-Y. Girard},
title={The System {$F$} of Variable Types, Fifteen Years Later},
journal={Theoretical Computer Science},
volume=45,
pages={159--192},
year=1986}

@article{Gir87,
author={ J.-Y. Girard},
title={Linear Logic},
journal={Theoretical Computer Science},
volume=50,
pages={1--102},
year=1987}

@incollection{Gir88,
author={J.-Y. Girard},
title={Geometry of Interaction 2: Deadlock-free Algorithms},
booktitle={Proceedings of International Conference on Computer
Logic, COLOG 88},
editor={P. Martin-L\"of and G. Mints},
publisher={Springer-Verlag},
pages={76--93},
note={Lecture Notes in Computer Science Vol.~417},
year=1988}

@book{GJ79,
author={M.~R. Garey and D.~S. Johnson},
title={Computers and Intractability: A guide to the Theory of
  P-Completeness},
publisher={Freeman},
year=1979}

@book{GMW79,
author={ M. J. C. Gordon and A. J. R. Milner and C. P. Wadsworth},
title={Edinburgh LCF},
publisher={LNCS 78, Springer-Verlag},
year=1979}

@article{GT85,
author={H. N. Gabow and R. E. Tarjan},
title={A linear-time algorithm for a special case of disjoint set union},
journal={Journal of Computer and System Sciences},
volume=30,
pages={209--221},
year=1985}

@article{GTW77,
author={J. A. Goguen, J. W. Thatcher, E. G. Wagner and J. B. Wright},
title={Initial algebra semantics and continuous algebras},
journal={JACM},
volume=24}

@article{God58,
author={K. G{\"o}del},
title={{\"Uber eine bisher noch nicht ben\"utzte Erweiterung
des finiten Standpunktes}},
journal={Dialectica},
year=1958,
pages={280--287}}

@phdthesis{Gor73,
author={ M. J. C. Gordon},
title={Evaluation and Denotation of Pure LISP: a Worked Example
in Semantics},
school={Univ. of Edinburgh},
year=1973}

@book{Gor79,
author={M. J. C. Gordon},
title={The Denotational Description of Programming Languages},
publisher={Springer-Verlag},
year=1979}

@book{Gor88,
author={M. J. C. Gordon},
title={Programming Language Theory and its Implementation},
publisher={Prentice-Hall},
year=1988}

@unpublished{Gra81,
author={R. Grayson},
title={Modified Realizability Toposes},
note={unpublished manuscipt},
year=1981}

@book{Gue81,
author={I. Guessarian},
title={Algebraic Semantics},
publisher={Springer},
note={Lecture Notes in Computer Science Vol. 99},
year=1981}

@article{HA80,
author={M. C. B. Hennessy and E. A. Ashcroft},
title={A Mathematical Semantics for a Non-Deterministic Typed Lambda Calculus},
journal={Theoretical Computer Science},
pages={227--245},
volume=11,
year=1980}

@book{Ham88,
author={A. G. Hamilton},
title={Logic for Mathematicians},
publisher={Cambridge University Press},
edition={revised},
year=1988}

@INPROCEEDINGS{Har85,
   author = "D. Harel",
   title = "A linear time algorithm for finding dominators in flow graphs
            and related problems",
   booktitle = "17th Annual ACM Symposium on Theory of Computing",
   year = 1985,
   pages = "185--194",
}


@book{Hen80a,
author={ P. Henderson},
title={Functional Programming: Applications and Implementation},
publisher={Prentice Hall},
year=1980}

@article{Hen80,
author={M. C. B. Hennessy},
title={The Semantics of Call-by-Value and Call-by-Name in
a Non-Deterministic Environment},
journal={SIAM J. Computing},
volume=9,
pages={67--84},
year=1980}

@article{Hin77,
author={R. Hindley},
title={Combinatory reduction and lambda reductions
compared},
journal={Zeitschr. f. Math. Logik und Grundlagen d. Math.},
volume=23,
pages={169-180},
year=1977}

@book{Hoa85,
author={ C. A. R. Hoare},
title={Communicating Sequential Processes},
publisher={Prentice-Hall},
year=1985}

@incollection{How70,
author={W. Howard},
title={Assignment of ordinals to terms for primitive
recursive functionals of finite type},
booktitle={Intuitionism and proof theory},
publisher={Elsevier-North-Holland},
year=1970}

@incollection{HW87,
author={ J. Halpern and E. Wimmers},
title={Full Abstraction and Expressive Completeness for FP},
booktitle={Proceedings: Symposium on Logic in Computer Science},
pages={257--275},
year=1987}

@article{HS86a,
author={ W. S. Hatcher and  J. P. Scott},
title={Lambda Algebras and C-monoids},
journal={Zeitschrift Mathematische Logik},
volume=32,
pages={415--430},
year=1986}

@inproceedings{HM76,
author={ P. Henderson and J. H. Morris},
title={A Lazy Evaluator},
booktitle={Third ACM Symposium on The Principles of Programming Languages,
Atlanta, GA},
year=1976}

@article{HM85,
author={ M. Hennessy and R. Milner},
title={Algebraic Laws for Non-determinism and Concurrency},
journal={JACM},
volume=32,
pages={137--161},
year=1985}

@article{Hin83a,
author={ Hindley, R.},
title={The Completeness Theorem for Typing Lambda Terms},
journal={Theoretical Computer Science},
volume=22,
pages={1--17},
year=1983}

@article{Hin83b,
author={ Hindley, R.},
title={Curry Type-Rules are Complete with respect to F-Semantics},
journal={Theoretical Computer Science},
volume=22,
pages={127--133},
year=1983}

@article{HL80,
author={ J. R. Hindley and G. Longo},
title={Lambda Calculus Models and Extensionality},
journal={Z. Logik Grundlag. Math.},
volume=26,
pages={289--310},
year=1980}

@inproceedings{HP79,
author={ M. C. B. Hennessy and G. D. Plotkin},
title={Full Abstraction for a Simple Parallel Programming Language},
booktitle={Proc. Mathematical Foundations of Computer Science},
publisher={Springer-Verlag},
note={Lecture Notes in Computer Science Vol. 74},
year=1979}

@article{HR88,
author={ F. Honsell and S. Ronchi della Rocca},
title={An Approximation Theorem for Scott's Topological
Lambda Models and the Topological Incompleteness of Lambda Calculus},
journal={J. Computer and System Science},
note={To appear},
year=1988}

@book{HS80,
author={ J. R. Hindley and J. P. Seldin},
title={To H. B. Curry: Essays on Combinatory
Logic, Lambda Calculus and Formalism},
publisher={Academic Press},
year={1980}}

@book{HS86,
author={ J. R. Hindley and J. P. Seldin},
title={Introduction to Combinators and Lambda Calculus},
publisher={Cambridge University Press},
note={London Mathematical Society Student Texts 1},
year={1986}}

@Book{HU79,
  author =   {J. E. Hopcroft and J. D. Ullman},
  title =    {Introduction to Automata Theory, Languages and
Computation},
  publisher =    {Addison-Wesley},
  year =     {1979}}

@unpublished{Hue76,
author={G. Huet}, title={\emph{R\'esolution d'\'equations
dans les langages d'ordre 1, 2, $\cdots$, $\omega$}},
note={Th\`ese de doctorat d'\'etat, Univesit\'e Paris VII},
year=1976}

@incollection{Hue79,
author={G. Huet},
title={Confluent Reduction: Abstract Properties and Applications
to Term Rewriting Systems},
booktitle={18th IEEE Symp. Foundtions of Comp. Sc.},
publisher={Computer Society Press},
pages={30--45},
year=1979}

@unpublished{Hue87,
author={G. Huet},
title={Formal Structures for Computation and Deduction},
note={Notes for a Graduate Course at Carnegie-Mellon University},
year=1987}

@incollection{Hul80,
author={J. M. Hullot},
title={Canonical Forms and Unification},
booktitle={Proc. 5th Conf. Automated Deduction},
publisher={Springer-Verlag},
note={Lecture Notes in Computer Science},
pages={318--334},
year=1980}

@article{Hyl76,
author={J. M. E. Hyland},
title={A Syntactic Characterization of the Equality in some
Models of the Lambda Calculus},
journal={J. London Math. Soc. (2)},
volume=12,
pages={361--370},
year=1976}

@unpublished{Hyl79,
author={J. M. E. Hyland},
title={Some Notes on Realizability Toposes},
note={unpublished manuscipt},
year=1979}

@incollection{Hyl82,
author={J. M. E. Hyland},
title={The Effective Topos},
booktitle={The L.~E.~J.~Brouwer Centenary Symposium},
publisher={North-Holland},
pages={165--216},
year=1982}

@article{Hyl88,
author={J. M. E. Hyland},
title={A Small Complete Category},
journal={Annals of Pure and Applied Logic},
volume=40,
pages={135--165},
year=1988}

@book{Joh87,
author={P. Johnstone},
title={Notes on Logic and Set Theory},
publisher={Cambridge University Press},
note={Cambridge Mathematical Textbooks},
year={1987}}

@article{Lan64,
author={ P. J. Landin},
title={The mechanical evaluation of expressions},
journal={Computer Journal},
volume=6,
pages={308--320},
year=1964}

@article{Lan65,
author={ P. J. Landin},
title={A correspondence between {ALGOL} 60 and {Church}'s lambda notation},
journal={Communications of the ACM},
volume=8,
pages={89--101,158--165},
year=1965}

@article{HJP80,
author={Hyland, J. M. E. and Johnstone, P. T. and Pitts, A. M.},
title={Tripos Theory},
journal={Math. Proc. Camb. Phil. Soc.},
volume={88},
pages={205 --232},
year={1980}}

@article{JM77,
author={N. Jones and S. Muchnick},
title={Even simple programs are hard to analyse},
journal={Journal of the Association for Computing Machinery},
volume=24,
pages={338-350},
year=1977}


@article{JM78,
author={N. D. Jones and S. S. Muchnick},
title={Complexity of finite memory programs with recursion},
journal={Journal of the Association for Computing Machinery},
volume=25,
pages={312-321},
year=1978}


@book{Joh77,
author={P. T. Johnstone},
title={Topos Theory},
publisher={Academic Press},
note={L.M.S.~Monograph No.~10},
year=1977}

@article{Joy77,
author={A. Joyal},
title={Remarques sur la theorie des jeux a deux personnes},
journal={Gazette des Sciences Mathematiques du Quebec},
volume=1,
number=4,
year=1977}

@book{Kah84,
editor={G. Kahn},
title={Semantics of Data Types},
publisher={Springer-Verlag},
note={LNCS Vol. 1984},
year={1984}}

@incollection{Kah88,
author={ G. Kahn},
title={Natural Semantics},
booktitle={Programming of Future Generation Computers},
editor={K. Fuchi and M. Nivat},
publisher={Elsevier Science Publisher B. V. (North-Holland)},
pages={237--259},
year=1988}

@book{Kel82,
author={G. M. Kelly},
title={Basic Concepts of Enriched Category Theory},
publisher={Cambridge Univ.~Press},
note={L.~M.~S.~Lecture Notes Series 64},
pages={244 pp.},
year=1982}



@Article{Kel64,
  author =   {G. M. Kelly},
  title =    {On {MacLane's} conditions for coherence of natural associativities, commutativities, etc.},
  journal =      {Journal of Algebra},
  year =     {1964},
  volume =   {1},
  number =   {4},
  pages =    {397-402}
}

@article{KP78,
author={G. Kahn and G. D. Plotkin},
title={Concrete Domains},
journal={Thereotical Computer Science},
note={in B\"ohm Feschrift Special Issue. Article first appeared
(in French) as technical report 338 of INRIA-LABORIA, 1978},
year=1993}

@article{Kle36,
author={ S. C. Kleene},
title={General Recursive Functions of Natural Numbers},
journal={Mathematical Annals},
volume=112,
pages={727--742},
year=1936}

@article{Kle59,
author={ S. C. Kleene},
title={Recursive Functionals and Quantifiers of Finite Types {I}},
journal={Trans. American Mathematical Society},
volume=91,
pages={1--52},
year=1959}

@incollection{Kle59b,
author={ S. C. Kleene},
title={Countable functionals},
booktitle={Constructivity in Mathematics},
editor={Heyting, A},
publisher={North-Holland},
year={1959}}


@article{Kle63,
author={ S. C. Kleene},
title={Recursive Functionals and Quantifiers of Finite Types {II}},
journal={Trans.~American Mathematical Society},
volume=108,
pages={106--142},
year=1963}

@incollection{Kle78,
author={ S. C. Kleene},
title={Recursive Functionals and Quantifiers of Finite
Types Revisited {I}},
booktitle={General Recursion Theory II, Proceedings of the
1977 Oslo Symposium},
editor={J. E. Fenstad and R. O. Gandy and G. E. Sacks},
pages={185--222},
publisher={North-Holland},
year=1978}

@incollection{Kle80,
author={ S. C. Kleene},
title={Recursive Functionals and Quantifiers of Finite
Types Revisited {II}},
booktitle={The Kleene Symposium},
editor={J. Barwise and H. J. Keisler and K. Kunen},
publisher={North-Holland},
pages={1--29},
year=1980}

@incollection{Kle82,
author={ S. C. Kleene},
title={Recursive Functionals and Quantifiers of Finite
Types Revisited {III}},
booktitle={Patras Logic Symposium},
editor={G. Metakides},
publisher={North-Holland},
year=1982}

@incollection{Kle85,
author={ S. C. Kleene},
title={Recursive Functionals and Quantifiers of Finite
Types Revisited {IV}},
booktitle={Proc.~Symposia in Pure Mathematics, Vol.~42},
publisher={America Mathematical Society},
year=1985}

@article{KM71,
author={G. M. Kelly and S. MacLane},
title={Coherence in closed categories},
journal={Journal of Pure and Applied Algebra},
volume=1,
pages={97-140},
year=1971}

@article{Knu65,
author={D. E. Knuth},
title={On the translation of language from left to right},
journal={Information and Control},
volume={8},
number={6},
year=1965,
pages={607-639}}

@article{Koy82,
author={ Koymans, C. P. J.},
title={Models of the Lambda Calculus},
journal={Information and Control},
volume=52,
pages={206--332},
year=1982}

@phdthesis{Koy84,
author={ Koymans, C. P. J.},
title={Models of the Lambda Calculus},
school={University of Utrecht},
pages={193pp.},
year=1984}

@incollection{KR77,
author={ A. Kock and G. E. Reyes},
title={Doctrines in Categorical Logic},
booktitle={Handbook of Mathematical Logic},
editor={J. Barwise},
publisher={North Holland},
pages={283--313},
note={Studies in Logic Vol. 90},
year={1977}}

@article{Kre58,
author={G. Kreisel},
title={Mathematical significance of consistency proofs},
journal={J.~Symb.~Logic},
volume=23,
pages={155-182},
year=1958}

@incollection{Kre59,
author={ Kreisel, G.},
title={Interpretation of analysis by means of constructive functionals of
finite type},
booktitle={Constructivity in Mathematics},
editor={Heyting, A},
publisher={North-Holland},
year={1959}}

@incollection{Lam80,
author={ J. Lambek},
title={From Lambda Calculus to {Cartesian} Closed Categories},
booktitle={To H. B. Curry: Essays on Combinatory Logic,
Lambda Calculus and Formalism},
editor={J. P. Seldin and J. R. Hindley},
publisher={Academic Press, London},
pages={363--402},
year={1980}}



@Article{Lam68,
  author =   {J. Lambek},
  title =    {Deductive Systems and Categories {I}},
  journal =      {J. Math. Systems Theory},
  year =     {1968},
  volume =   {2},
  pages =    {178-318},
}

@incollection{Law70,
author={ F. W. Lawvere},
title={Equality in Hyperdoctrines and Comprehension Schema
as an Adjoint Functor},
booktitle={Proc. New York Symp. on Applications of Categorical
Algebra},
editor={A. Heller},
publisher={Amer. Math. Soc., Providence},
pages={1--14},
year={1970}}

@article{Lei86,
author={ Leivant, D.},
title={Typing and Computational Properties of Lambda Expressions},
journal={Theoretical Computer Science},
volume=44,
pages={51--68},
year=1986}

@incollection{Lev75,
author={ J.-J. Levy},
title={An Algebraic Interpretation of Equality in Some Models of the
Lambda Calculus},
booktitle={Lambda Calculus and Computer Science Theory},
editor={C. B\"ohm},
publisher={Springer-Verlag},
note={{\it LNCS} No. 37},
pages={147--165},
year=1975}

@book{LL78,
author={P. Lorenzen and K. Lorenz},
title={Dialogische Logik},
publisher={Wiss. Buchgesellsch., Darmstadt},
year=1978}

@article{Lon83,
author={ Longo, G.},
title={Set-Theoretical Models of Lambda Calculus: Theories, Expansions
and Isomorphisms},
journal={Annals of Pure and Applied Logic},
volume=24,
pages={153--188},
year=1983}

@incollection{Lon84,
author={ G. Longo},
title={Limits, Higher Type Computability and Type-free Languages},
booktitle={Proc. Math. Foundations of Computer Science},
publisher={Springer-Verlag, Berlin},
note={Lecture Notes in Computer Science},
year=1984}

@article{Lon87b,
author={ G. Longo},
title={On Church's Formal Theory of Functions and Functionals ---
The Lambda Calculus: Connections to Higher Type Recursive Theory,
Proof Theory and Category Theory},
journal={Ann. Pure Appl. Logic},
volume={},
pages={},
note={To appear},
year=1987}

@incollection{LM84a,
author={ G. Longo and E. Moggi},
title={Cartesian Closed Categories of Enumerations for
Effective Type Structure, Part {I and II}},
booktitle={Semantics of Data Types},
editor={G. Kahn and D. B. MacQueen and G. Plotkin},
publisher={Springer-Verlag},
note={Proceedings of International Symposium at Sophia-Antipolis, France,
June 27--29, 1984. Lecture Notes in Computer Science No. 173},
pages={235--255},
year={1984}}

@article{LM84b,
author={ G. Longo and E. Moggi},
title={The Hereditary Partial Effective Functionals and Recursion
Theory in Higher Types},
journal={J. Symbolic Logic},
volume=49,
pages={1319--1332},
year={1984}}

@book{LS86,
author={ J. Lambek and P. J. Scott},
title={Introduction to Higher Order Categorical Logic},
publisher={Cambridge University Press},
series={Cambridge Studies in Advanced Mathematics No. 7},
year=1986}


@book{LS87,
author={J. Loeckx and K. Sieber},
title={The Foundations of Program Verification},
publisher={Wiley-Teubner},
edition={second},
year=1987}

@article{LS81,
author={ D. J. Lehmann and M. B. Smyth},
title={Algebraic Specification of Data Types: A Synthetic Approach},
journal={Maths. Systems Theory},
volume=14,
pages={97--139},
year={1981}}

@ARTICLE{LT79,
   author = {T. Lengauer and R. Tarjan},
   title = {A fast algorithm for finding dominators in a flowgraph},
   journal = {ACM Transactions on Programming Languages and Systems},
   volume = 1,
   pages = "121--141",
   year = 1979,
}

@Article{Mac63,
  author =   {S. MacLane},
  title =    {Natural Associativity and Commutativity},
  journal =      {Rice University Studies},
  year =     {1963},
  volume =   {49},
  number =   {4},
  pages =    {728-46}}

@book{Mac71,
author={ S. MacLane},
title={Categories for the Working Mathematician},
publisher={Spinger-Verlag},
pages={262pp},
note={Graduate Text in Mathematics 5},
year=1971}

@incollection{Mar73,
author={ P. Martin-L\"of},
title={An Intuitionistic Theory of Types: Predicative Part},
booktitle={Logic Colloquium '73},
editor={Rose and Shepherdson},
publisher={North-Holland},
year={1973}}

@unpublished{Mar72,
author={ P. Martin-L\"of},
title={About Models for Intuitionistic Type Theories and the Notion
of Definitional Equality},
note={paper read at the Orl\'eans Logic Conference},
year={1972}}

@incollection{Mar79,
author={ P. Martin-L\"of},
title={Constructive mathematics and computer programming},
booktitle={International Congress for Logic, Methodology
and Philosophy of
Science},
publisher={North-Holland},
pages={538--571},
year={1979}}

@incollection{Mar83,
author={ P. Martin-L\"of},
title={Lecture Notes on Domain Interpretation of Type Theory},
booktitle={Workshop on the Semantics of Programming Languages},
editor={Programming Research Group},
publisher={Chalmers University of Technology, G\"oteborg, Sweden},
year={1983}}

@book{Mar84,
author={ P. Martin-L\"of},
title={Intuitionistic Type Theory},
publisher={Bibliopolis},
note={Studies in Proof Theory Series},
year=1984}

@incollection{MC88,
author={ A. R. Meyer and S. C. Cosmadakis},
title={Semantical Paradigms: notes for an invited lecture},
booktitle={Proc. 3rd Annual IEEE Symp. Logic in Computer Science},
publisher={Computer Society Press},
year=1988}

@incollection{McC63,
author={J. McCarthy},
title={A Basis for a Mathematical Theory of Computation},
booktitle={Computer Programming and Formal Systems},
editor={P. Braffort and D. Hirschberg},
pages={33--70},
publisher={North-Holland},
year=1963}


@Article{Meh76,
  author =   {K. Mehlhorn},
  title =    {Polynomial and abstract subrecursive classes},
  journal =      {JCSS},
  year =     {1976},
  volume =   {12},
  pages =    {147-148},
}

@book{Men87,
author={E. Mendelson},
title={Introduction to Mathematical Logic},
publisher={Wadsworth, Inc.},
edition={third},
year=1987}

@article{Mey82,
author={ A. Meyer},
title={What is a Model of the Lambda Calculus?},
journal={Information and Control},
volume=52,
pages={87--122},
year=1982}

@phdthesis{Mil74,
author={ R. E. Milne},
title={The Formal Semantics of Computer Languages and their Implementations},
school={University of Cambridge},
year=1974}

@incollection{Mil75,
author={ R. Milner},
title={Processes, a mathematical model of computing agents},
booktitle={Logic Colloquium, Bristol 1973},
publisher={North Holland},
pages={157--174},
address={Amsterdam},
year=1975}


@Article{Mil76,
  author =   {G. L. Miller},
  title =    {Riemann's hypothesis and tests for primality},
  journal =      {J.~CSS},
  year =     {1976},
  volume =   {13},
  OPTnumber =    {},
  OPTmonth =     {},
  pages =    {300-317},
  OPTnote =      {},
  OPTannote =    {}
}

@article{Mil77,
author={ R. Milner},
title={Fully Abstract Models of Typed Lambda-Calculus},
journal={Theoretical Computer Science},
volume=4,
pages={1--22},
year=1977}

@article{Mil78,
author={ R. Milner},
title={A theory of type polymorphism in programming},
journal={J. Computer and System Science},
volume=17,
pages={348--375},
year=1978}

@book{Mil80,
author={ R. Milner},
title={A Calculus for Communicating Systems},
publisher={Springer-Verlag},
address={Berlin},
series={Lecture Notes in Computer Science},
volume=92,
year=1980}

@inproceedings{Mil81,
author={ R. Milner},
title={A Modal Characterisation of Observable Machine Behaviours},
booktitle={CAAP `81},
editor={G. Astesiano and C. B\"ohm},
pages={25--34},
publisher={Springer-Verlag},
address={Berlin},
note={Lecture Notes in Computer Science Vol. 112},
year=1981}

@article{Mil83,
author={ R. Milner},
title={Calculi for Synchrony and Asynchrony},
journal={Theoretical Computer Science},
pages={267--310},
volume=25},
year=1983}

@inproceedings{Mil85,
author={ R. Milner},
title={Lectures on a Calculus for Communicating Systems},
booktitle={Seminar on Concurrency},
publisher={Springer-Verlag},
address={Berlin},
editor={S. D. Brookes and A. W. Roscoe and G. Winskel},
pages={197--221},
note={Lecture Notes in Computer Science Vol. 197},
year=1985}

@inproceedings{Mil86,
author={ R. Milner},
title={Process Constructors and Interpretations},
booktitle={Information Processing 86},
publisher={Elsevier Science Publishers B. V. (North Holland)},
editor={H.-J. Kugler},
pages={507--514},
year=1986}

@book{Min67,
author={M. L. Minsky},
title={Computation: Finite and Infinite Machines},
publisher={Prentice-Hall},
pages={317 pages},
year=1967}

@unpublished{Mit88,
author={J. C. Mitchell},
title={Programming Language Theory},
note={Course Notes for CS258, Stanford University},
year=1988}

@article{MM79,
author={ G. Milne and R. Milner},
title={Concurrent processes and their Syntax},
journal={Journal of the ACM},
volume=26,
number=2,
pages={302--321},
year=1979}

@inproceedings{MM85,
        author = {Mitchell, John C. and Meyer, Albert R.},
        title = {Second-order Logical Relations (Extended Abstract)},
        booktitle = {Logic of Programs},
        place = {Brooklyn, New York},
        dates = {June 17--19},
        editor = {Rohit Parikh},
        series = {Lecture Notes in Computer Science},
        volume = {193},
        publisher = {Springer-Verlag},
        address = {Berlin},
        year = {1985},
        pages = {225--236},
        checked = {22 August 1990}
}

@unpublished{Mog85,
author={ E. Moggi},
title={Thesis Proposal --- Lambda Calculus and Categories},
note={University of Edinburgh Department of Computer Science
Thesis Proposal},
year=1985}

@incollection{Mog86,
author={ E. Moggi},
title={Categories of Partial Morphisms and the $\lambda_P$-Calculus},
booktitle={Category Theory and Computer Programming},
publisher={Springer-Verlag},
editor={David Pitt and Samson Abramsky and Axel Poign\'{e} and
David Rydeheard},
note={{\it LNCS} No. 240},
pages={242--251},
year=1986}

@Unpublished{Mog86b,
  author =   "E. Moggi",
  title =    "The maximum consistent theory of the second order
          beta-eta lambda calculus (electronic note)",
  note =     "Available at http://hypatia.dcs.qmw.ac.uk/authors/M/MoggiE/",
  OPTcrossref =  "",
  OPTkey =   "",
  year =     "1986",
  OPTmonth =     "",
  OPTannote =    ""
}

@article{Mog88b,
author={ E. Moggi},
title={Partial Cartesian Closed Categories of Effective Objects},
journal={Information and Computation},
year=1988}

@phdthesis{Mog88a,
author={ E. Moggi},
title={The Partial Lambda Calculus},
school={University of Edinburgh},
year=1988}}

@phdthesis{Mor68,
author={ J.-H. Morris},
title={Lambda Calculus Models of Programming Languages},
school={M.I.T.},
year={1968}}

@book{Mos74,
author={ Y. Moschovakis},
title={Elementary Induction on Abstract Structures},
publisher={North Holland},
year=1974}

@article{MP87,
author={ Moses, P. D. and Plotkin, G. D.},
title={On Proving Limiting Completeness},
journal={SIAM J. Computing},
volume=16,
pages={179--194},
year=1987}


@article{MPS86,
author={ D. MacQueen and G. D. Plotkin and R. Sethi},
title={An Ideal Model for Recursive Polymorphic Types},
journal={Information and Control},
volume=71,
pages={95--130},
year=1986}




@InCollection{MR92,
  author =   "Q. Ma and J. C. Reynolds",
  title =    "Types, abstraction, and parametric polymorphism,
          Part 2",
  OPTcrossref =  "",
  OPTkey =   "",
  OPTbooktitle = "Proceedings of the 1991 Mathematical Foundations of
          Programming semantics Conference",
  OPTpublisher = "Springer-Verlag",
  OPTyear =      "1992",
  OPTeditor =    "",
  OPTvolume =    "",
  OPTnumber =    "",
  OPTseries =    "LNCS",
  OPTtype =      "",
  OPTchapter =   "",
  OPTpages =     "",
  OPTaddress =   "",
  OPTedition =   "",
  OPTmonth =     "",
  OPTnote =      "",
  OPTannote =    ""
}

@book{MS76,
author={ R. E. Milne and C. Strachey},
title={A Theory of Programming Language Semantics},
publisher={Chapman and Hall, London},
year=1976}


@article{MS85,
author={D. E. Muller and P. E. Schupp},
title={The theory of ends, pushdown automata, and second-order logic},
journal={Theoretical Computer Science},
volume={37},
pages={51-75},
year={1985}}


@article{MS87b,
author={D. E. Muller and P. E. Schupp},
title={Alternating automata on infinite trees},
journal={Theoretical Computer Science},
volume={54},
pages={267-276},
year={1987}}

@incollection{MS87,
author={ J. Mitchell and P. J. Scott},
title={Typed Lambda Models and Cartesian Closed Categories},
booktitle={Categories in Computer Science and Logic},
note={Proc. Boulder},
note={Contemporary Mathematics},
publisher={AMS, Providence, RI},
year=1987}

@article{Mul86,
author={ K. Mulmuley},
title={Fully Abstract Submodels of Typed Lambda Calculus},
journal={Journal of Computer and System Sciences},
volume=33,
pages={2--46},
year=1986}

@book{Mul87,
author={K. Mulmuley},
title={Full Abstraction and Semantic Equivalence},
publisher={MIT Press},
year=1987}

@techreport{Myh57,
author={J. Myhill},
title={Finite automata and the representation fo events},
institution={Wright Patterson AFB, Dayton, Ohio},
number={WADD 57-624},
year=1957}

@InProceedings{Nak75,
  author =   {R. Nakajima},
  title =    {Infinite normal forms for the $\lambda$-calculus},
  booktitle =    {Proc.~Symp.~$\lambda$-calculus and Computer Science},
  year =     {1975},
  publisher = {Springer-Verlag},
  pages =    {62-82}
}

@article{Ner58,
author={A. Nerode},
title={Linear automaton transformations},
journal={Proc. Amer. Maths. Soc.},
volume=9,
pages={541-544},
year=1958}

@inproceedings{Ogd69,
author={W. F. Ogden},
title={Intercalation theorems for stack languages},
booktitle={Proceedings of the First Annual ACM Symposium on Theory of Computing},
pages={31-42},
publisher={ACM Press},
year=1969}

@article{OHI80,
author={M. Oyamaguchi and H. Honda and Y. Inagaki},
title={The equivalence problem for real-time strict deterministic languages},
journal={Information and Control},
volume=45,
pages={90-115},
year=1980}

@phdthesis{Ong88a,
author={ C.-H. L. Ong},
title={The Lazy Lambda Calculus: An Investigation into the
Foundations of Functional Programming},
school={University of London},
pages={256 pp.},
year={1988}}

@incollection{Ong88b,
author={ C.-H. L. Ong},
title={Fully Abstract Models of the Lazy Lambda Calculus},
booktitle={Proc. 29th Conf. Foundations of Computer Science},
pages={368--376},
publisher={IEEE Computer Society Press},
year=1988}

@article{PS86,
author={ A. Pasztor and R. Statman},
title={Scott Induction and Closure Under $\omega$-Sups},
journal={Theoretical Computer Science},
volume={},
pages={251--263},
year=1986}

@book{Pau87,
title={Logic and Computation: Interactive Proof with Cambridge LCF},
author={ L. C. Paulson},
publisher={Cambridge University Press},
year=1987}

@inproceedings{Par80,
author={ D. M. Park},
title={Concurrency on automata and infinite sequences},
booktitle={Conference on Theoretical Computer Science},
publisher={Springer-Verlag},
address={Berlin},
editor={P. Deussen},
note={Lecture Notes in Computer Science Vol. 104},
year=1980}

@phdthesis{Pit81,
author={A. M. Pitts},
title={The Theory of Tripos},
school={D.P.M.M.S., Cambridge University},
year={1981}}

@inproceedings{Pit87,
author={ A. M. Pitts},
title={Polymorphism is Set-Theoretical, Constructively},
booktitle={Proc. Conf. Category Theory and Computer Science, Edinburgh},
publisher={Springer-Verlag},
address={Berlin},
editor={D. H. Pitt {\sl et al.}},
note={LNCS.~Vol. 287},
year=1987}

@article{Pos43,
author={E. L. Post},
title={A variant of a recursively unsolvable problem},
journal={American Journal of Mathematics},
volume=65,
pages={197-268},
year=1943}

@incollection{PS78,
author={ R. Par\'e and D. Schumacher},
title={Abstract Families and the Adjoint Functor Theorems},
booktitle={Indexed Categories and their Applications},
editor={P. T. Johnstone and R. Par\'e},
publisher={Springer-Verlag},
note={Lecture Notes in Mathematics Vol. 661},
pages={1--124},
year={1978}}




@article{PS86a,
author={ Ana Pasztor and Rick Statman},
title={Scott Induction and Closure Under $\omega$-Sups},
journal={Theoretical Computer Science},
volume={},
pages={251--263},
year=1986}

@book{PJ87,
author={ Peyton Jones, S. L.},
title={The Implementation of Functional Programming Languages},
publisher={Prentice-Hall},
pages={455pp.},
year=1987}

@phdthesis{Pla66,
author={R. A. Platek},
title={Foundations of Recursion Theory},
school={Standford University},
year=1966}

@techreport{Plo72,
author={ Plotkin, G. D.},
title={A Set-Theoretical Definition of Application},
institution={School of A.I., Univ. of Edinburgh},
number={MIP-R-95},
year=1972}}

@techreport{Plo73,
author={ Plotkin, G. D.},
title={Lambda-Definability and Logical Relations},
institution={School of A.I., Univ. of Edinburgh},
number={SAI-RM-4},
year={1973}}

@article{Plo74,
author={ G. D. Plotkin},
title={The $\lambda$-Calculus is $\omega$-Incomplete},
journal={J. Symbolic Logic},
volume=39,
pages={313--317},
year=1974}

@article{Plo75,
author={ Plotkin, G. D.},
title={Call-by-Name, Call-by-Value and the Lambda Calculus},
journal={Theoretical Computer Science},
volume=1,
pages={125--159},
year=1975}

@article{Plo76,
author={ G. D. Plotkin},
title={A Powerdomain Construction},
journal={SIAM J. Computing},
pages={452--487},
volume=5,
number=3,
year=1976}

@article{Plo77,
author={ G. D. Plotkin},
title={{LCF} as a Programming Language},
journal={Theoretical Computer Science},
volume=5,
pages={223--255},
year=1977}

@article{Plo78,
author={ G. D. Plotkin},
title={{${\Bbb T}^{\omega}$} as a Universal Domain},
journal={J. Computer and System Sciences},
volume=17,
pages={209--236},
year=1978}

@incollection{Plo80,
author={ G. D. Plotkin},
title={Lambda-Definability in the Full Type Hierarchy},
booktitle={To H. B. Curry: Essays on Combinatory Logic, Lambda
Calculus and Formalism},
editor={J. P. Seldin and J. R. Hindley},
publisher={Academic Press},
pages={363--373},
year=1980}

@techreport{Plo81a,
author={ G. D. Plotkin},
title={A Structural Approach to Operational Semantics},
institution={Department of Computer Science, Univ. of Aarhus, Denmark},
number={DAIMI FN-19},
year=1981}

@unpublished{Plo81,
author={ G. D. Plotkin},
title={CPO's: Tools for making meanings},
note={Post-Graduate Lecture Notes in Advanced Domain Theory,
Dept. of Computer Science, Univ. of Edinburgh},
year=1981}

@unpublished{Plo85,
author={ G. D. Plotkin},
title={Types and Partial Functions},
note={Post-Graduate Lecture Notes, Dept.~of Computer Science, University
of Edinburgh},
year=1985}

@book{Pra65,
author={D. Prawitz},
title={Natural Deduction},
publisher={Almqvist and Wiksell},
year=1965,
note={Stockholm Studies in Philosophy 3}}


@Article{Pra75,
  author =   {V. R. Pratt},
  title =    {Every prime has a succinct certificate},
  journal =      {SIAM J.~Computing},
  year =     {1975},
  volume =   {4},
  pages =    {214--220},
}

@book{Pri62,
author={A. N. Prior},
title={Formal Logic},
edition={2nd},
publisher={Oxford University Press},
year=1962}}

@Article{Rab69,
  author =   {M. O. Rabin},
  title =    {Decidability of second-order theories and automata on infinite trees},
  journal =      {Trans.~Amer.~Maths.~Soc},
  year =     {1969},
  volume =   {141},
  pages =    {1-35},
}

@Article{Rab80,
  author =   {M. O. Rabin},
  title =    {Probabilistic algorithm for testing primality},
  journal =      {J.~Number Theory},
  year =     {1980},
  volume =   {12},
  pages =    {128--138},
}

@incollection{Rey74,
author={ J. C. Reynolds},
title={Towards a Theory of Type Structure},
booktitle={Colloque sur la Programmation},
publisher={Springer-Verlag},
editor={B. Robinet},
note={Lecture Notes in Computer Science Vol. 19},
pages={405--425},
year=1974}

@article{Rey70,
author={ J. C. Reynolds},
title={{GEDANKEN}--A Simple Typeless Language based on Principle
of Completeness and Reference Concept},
journal={J. ACM},
volume=13,
pages={136--140},
year=1970}

@incollection{Rey78,
author={J. C. Reynolds},
title={The Essence of {Algol}},
booktitle={Algorithmic Languages},
editor={J. W. de Bakker and J. C. van Vliet},
pages={345-372},
publisher={North Holland},
year=1978}

@book{Rey81,
author={J. C. Reynolds},
title={The Craft of Programming},
publisher={Prentice-Hall International},
year=1981}

@inproceedings{Rey83,
author={ J. C. Reynolds},
title={Types, Abstraction and Parametric Polymorphism},
booktitle={Information Processing 1983},
pages={513--523},
year=1983}

@incollection{Rey84,
author={ J. C. Reynolds},
title={Polymorphism is Not Set-Theoretic},
booktitle={Semantics of Data Types},
publisher={Springer-Verlag},
editor={G. Kahn {\sl et al.}},
note={Lecture Notes in Computer Science Vol. 173},
pages={145--156},
year=1984}

@incollection{Rey85,
author={J. C. Reynold},
title={Three Approaches to Type Structures},
publisher={Springer-Verlag},
booktitle={Mathematical Foundations of Software Development, Proceedings: Vol.~1},
editor={H. Ehrig {\sl et al.}},
note={LNCS Vol. 185},
pages={97--138},
year=1985}

@article{RR88,
author={ E. Robinson and G. Rosolini},
title={Categories of Partial Maps},
journal={J. Symbolic Logic},
note={To appear},
year=1988}

@phdthesis{Ros86,
author={ Rosolini, G.},
title={Continuity and Effectiveness in Topoi},
school={Carnegie-Mellon University},
year={1986} }

@book{Rog67,
author={  Rogers, H. },
title={Theory of Recursive Functions and Effective
Computability},
publisher={McGraw-Hill Book Company},
year=1967}

@incollection{Saz75,
author={V. Yu. Sazonov},
title={Sequentiality and Parallely Computable Functionals},
booktitle={Proc.~Symp.~Lambda Calculus and Computer Science
Theory},
publisher={Springer},
note={LNCS Vol.~37},
year=1975}

@article{Saz76a,
author={V. Yu. Sazonov},
title={Functional computable in series and in parallel
(English translation)},
journal={Matematicheskii Zhurnal},
volume=17,
pages={648 -- 672},
year={1976}}

@article{Saz76b,
author={V. Yu. Sazonov},
title={Expressibility of Functions in {Scott's LCF} Language (translated
from {Russian})},
journal={Algebra i Logika},
volume=15,
pages={308--330},
year=1976}

@incollection{Saz76c,
author={V. Yu. Sazonov},
title={Degress of parallelism in computations},
booktitle={Proc.~Symp.~Mathematical Foundations of Computer Science},
note={LNCS Vol.~45},
publisher={Springer-Verlag},
year=1976}

@book{Sch86,
author={D. A. Schmidt},
title={Denotational Semantics},
publisher={Allyn \& Bacon Inc.},
year={1986}}

@incollection{Sco72,
author={ Scott, D. S.},
title={Continuous Lattices},
booktitle={Toposes, Algebraic Geometry and Logic},
editor={E. Lawvere},
publisher={Springer-Verlag, Berlin},
note={Lecture Note in Mathematics 274},
pages={97--136},
year=1972}

@article{Sco76,
author={ D. S. Scott},
title={Data Types as Lattices},
journal={SIAM J. Computing},
volume=5,
pages={522-587},
year=1976}

@incollection{Sco79,
author={ D. S. Scott},
title={Identity and Existence in Intuitionistic Logic},
booktitle={Applications of Sheaves},
publisher={Springer-Verlag},
editor={M. P. Fourman and C. J. Mulvey and D. S. Scott},
pages={660--696},
year=1979}

@incollection{Sco80a,
author={ Scott, D. S.},
title={Relating Theories of Lambda Calculus},
booktitle={To H. B. Curry: Essays in Combinatory Logic,
Lambda Calculus and Formalism},
publisher={Academic Press},
editor={Hindley, J. R. and Seldin, J. P.},
pages={403--450},
year=1980}

@incollection{Sco80b,
author={ D. S. Scott},
title={Lambda Calculus: Some Models, Some Philosophy},
booktitle={The Kleene Symposium},
editor={J. Barwise and H. J. Keisler and K. Kunen},
publisher={North-Holland Publishing Company},
pages={223--265},
year=1980}

@incollection{Sco82,
author={ D. S. Scott},
title={Domains for Denotational Semantics},
booktitle={Automata, Languages and Programming: Proceedings 1982},
editor={M. Nielson and E. M. Schmidt},
publisher={Springer-Verlag, Berlin},
note={Lecture Notes in Computer Science {\bf 140}},
year=1982}

@article{See83,
author={ R. A. G. Seely},
title={Hyperdoctrines, Natural Deduction and the Beck Condition},
journal={Z. Math. Logik Grundlagen},
volume=29,
pages={505--402},
year=1983}

@article{See84,
author={ R. A. G. Seely},
title={Locally Cartesian Closed Categories and Type Theory},
journal={Math. Proc. Camb. Phil. Soc.},
volume=95,
pages={},
year=1984}

@article{See87,
author={ R. A. G. Seely},
title={Categorical Semantics for Higher Order Polymorphic Lambda
Calculus},
journal={J. Symb.~Logic},
volume=52,
pages={969--989},
year=1987}

@book{SH80,
author={ Seldin, J. P. and Hindley, J. R.},
title={To H. B. Curry: Essays on Combinatory Logic,
Lambda Calculus and Formalism},
publisher={Academic Press},
year=1980}}

@article{Smy78,
author={ M. B. Smyth},
title={Power Domains},
journal={J. Computer and System Sciences},
volume=16,
pages={23--36},
year={1978}}

@Article{SS77,
  author =   {R. Solovay and V. Strassen},
  title =    {A fast {Monte-Carlo} test for primality},
  journal =      {SIAM J.~Computing},
  year =     {1977},
  volume =   {6},
  pages =    {84-86},
}

@article{SS63,
author={ J. C. Shepherdson and H. E. Sturgis},
title={Computability of Recursive Functions},
journal={J. ACM},
volume=10,
pages={217--255},
year={1963}}



@Article{,
  author =   {},
  title =    {},
  journal =      {},
  year =     {},
  OPTkey =   {},
  OPTvolume =    {},
  OPTnumber =    {},
  OPTmonth =     {},
  OPTpages =     {},
  OPTnote =      {},
  OPTannote =    {}
}

@Article{,
  author =   {},
  title =    {},
  journal =      {},
  year =     {},
  OPTkey =   {},
  OPTvolume =    {},
  OPTnumber =    {},
  OPTmonth =     {},
  OPTpages =     {},
  OPTnote =      {},
  OPTannote =    {}
}

@article{SP82,
author={ M. B. Smyth and G. D. Plotkin},
title={The Category-Theoretic Solution of Recursive Domain
Equations},
journal={SIAM J. Computing},
volume=11,
pages={761--783},
year=1982}

@incollection{Spe62,
author={C. Spector},
title={Provably recursive functionals of analysis: a consistency
proof of analysis by an extension of principles formulated in current
intuitionistic mathematics},
booktitle={Recursive Function Theory, {\rm Proc.~Symposia in Pure
Mathematics V}},
publisher={American Mathematical Society, Providence, RI},
pages={1--27},
year=1962}

@article{Sta79,
author={ R. Statman},
title={The Typed $\lambda$-Calculus is Not Elementary Recursive},
journal={Theoretical Computer Science},
volume=9,
pages={73--81},
year=1979}

@incollection{Sta80,
author={ R. Statman},
title={On the Existence of Closed Terms in the
Typed $\lambda$-Calculus I},
booktitle={To H. B. Curry: Essays on Combinatory Logic, Lambda
Calculus and Formalism},
editor={J. P. Seldin and J. R. Hindley},
publisher={Academic Press},
pages={511--534},
year=1980}

@article{Sta82,
author={ R. Statman},
title={Completeness, Invariance and $\lambda$-Definability},
journal={J. Symbolic Logic},
volume=47,
pages={17--26},
year=1982}

@article{Sta83,
author={ R. Statman},
title={$\lambda$-definable Functionals and $\beta\eta$ Conversion},
journal={Arch. Math. Logik},
volume=23,
pages={21--26},
year=1983}

@article{Sta85,
author={ R. Statman},
title={Logical Relations and the Typed $\lambda$-Calculus},
journal={Information and Control},
volume=65,
pages={85--97},
year=1985}

@article{Sta86,
author={ R. Statman},
title={Every Countable Poset is Embeddable in the Poset
of Unsolvable Terms},
journal={Theoretical Computer Science},
volume=48,
pages={95--100},
year=1986}

@book{Sto88,
author={ A. Stoughton},
title={Fully Abstract Models of Programming Languages},
publisher={Pitman},
note={Research Notes in Theoretical Computer Science},
year={1988}}

@misc{Sto88a,
author={ A. Stoughton},
title={Private communication via electronic mail},
year={1988}}

@book{Sto77,
author={ J. E. Stoy},
title={Denotational Semantics: The Scott-Strachey Approach to
Programming Language Theory},
publisher={The MIT Press},
note={The MIT Press Series in Computer Science},
year=1979}

@unpublished{Str67,
author={C. Strachey},
title={Fundamental concepts in programming languages},
note={Lecture notes for the International
Summer School in Computer Programming, Copenhagen},
year=1967}

@article{Tai67,
author={W. W. Tait},
title={Intensional Interpretation of Functionals of Finite Type I},
journal={J.~Symb.~Logic},
volume=32,
pages={198--212},
year=1967}

@incollection{Tai75,
author={W. W. Tait},
title={A Realizability Interpretation of the Theory of Species},
booktitle={Logic Colloquium},
publisher={Springer-Verlag},
note={Lecture Notes in Mathematics Vol.~453},
year=1975}

@book{Tak87,
author={G. Takeuti},
title={Proof Theory},
publisher={North-Holland},
edition={second},
year=1987}



@InCollection{Tal88,
  author =   "C. Talcott",
  title =    "Rum: an intensional theory of functions and control
abstraction",
  booktitle = "Proc.~1987 Workshop of Foundations of Logic and
Functional Programming",
  publisher = "Springer-Verlag",
  year =     "1988",
  note={LNCS Vol.~306}}

@article{Tar55,
author={ A. Tarski},
title={A Lattice-theoretical Fixpoint Theorem and its Applications},
journal={Pacific J. Mathematics},
volume=5,
pages={285--309},
year={1955}}

@phdthesis{Tay87,
author={P. Taylor},
title={Recursive Domains, Indexed Catgory Theory and Polymorphism},
school={{\sc dpmms}, University of Cambridge},
pages={176 pp.},
year=1987}

@book{TD88,
author={Troelstra, A and van Dalen, D.},
title={Constructivism in Mathematics: An Introduction. Vol 1 and 2},
publisher={North-Holland},
year={1988}}

@unpublished{Tra85,
author={B. A. Trakhtenbrot},
title={Topics in typed programming languages},
note={Lecture notes at Carnegie Mellon University},
year=1985}

@book{Tro73,
author={Troelstra, A.},
title={Metamathematical Investigation of Intuitionistic Arithmetic and Analysis},
publisher={Springer},
note={Springer Lecture Notes in Mathematics 344},
year={1973}}

@article{Tur36,
author={ A. Turing},
title={On Computable Numbers with an Application to the
{Entscheidungsproblem}},
journal={Proc. London Math. Soc.},
volume=42,
pages={230--265},
year={1936}}

@techreport{Tur76,
author={ D. A. Turner},
title={The SASL Language Manual},
institution={University of St. Andrew},
year={1976}}

@article{Tur79,
author={ D. A. Turner},
title={A New Implementation Technique for Applicative Languages},
journal={Software Practice and Experience},
volume=9,
pages={31--49},
year=1979}

@phdthesis{Tur81,
author={ D. A. Turner},
title={Aspects of the Implementation of Programming Languages},
school={Oxford University},
year=1981}

@incollection{Tur82,
author={ D. A. Turner},
title={Recursion Equations as a programming Language},
booktitle={Functional Programming and Its Applications},
Editor={J. Darlington et al.},
pages={1--28},
publisher={Cambridge Univerisity Press},
year=1982}

@incollection{Tur85,
author={ D. A. Turner},
title={Miranda --- a Non-Strict Functional Language with Polymorphic
Types},
booktitle={Functional Programming Languages and Computer Architectures},
editor={J. P. Jouannaud},
publisher={LNCS 201, Springer-Verlag, Berlin},
year=1985}

@Article{Val79,
  author =   {L. G. Valiant},
  title =    {The complexity of computing the permanent},
  journal =      {TCS},
  year =     {1979},
  volume =   {8},
  pages =    {189--201}
}

@phdthesis{Vui74,
author={J. Vuillemin},
title={Syntaxe, S\'emantique et Axiomatique d'un Langage
de Programmtion Simple},
school={Universit\'e Paris VII},
note={Th\`ese de Doctorat d'Etat},
year=1974}

@techreport{Wad85,
author={ P. Wadler},
title={Introduction to ORWELL},
institution={Oxford University Programming Research Group},
year=1985}

@phdthesis{Wad71,
author={ C. P. Wadsworth},
title={Semantics and Pragmatics of the Lambda Calculus},
school={Oxford University},
year=1971}

@article{Wad76,
author={ Wadsworth, C. P. },
title={The Relation between Computational and Denotational
Properties for {Scott's} {$D_{\infty}$}-Models of the Lambda
Calculus},
journal={SIAM J. Computing},
volume=5,
pages={488--521},
year=1976}

@article{Wad78,
author={ Wadsworth, C. P.},
title={Approximate Reduction and Lambda Calculus Models},
journal={SIAM J. Computing},
volume=7,
pages={337--356},
year=1978}

@incollection{Wad80,
author={ Wadsworth, C. P.},
title={Some unusual $\lambda$-calculus numeral systems},
booktitle={To H. B. Curry: Essays on Combinatory Logic,
Lambda Calculus and Formalism},
editor={Hindley and Seldin},
publisher={Academic Press},
pages={215--230},
year=1980}

@phdthesis{Win80,
author={ G. Winskel},
title={Events in Computation},
school={University of Edinburgh},
year=1980}

@incollection{Win87,
author={ G. Winskel},
title={Event Structures},
booktitle={Petri Nets: Application and Relationships to Other
Models of Concurrency},
editor={W. Brauer and W. Reisig and G. Rozenberg},
publisher={Springer Verlag},
pages={325--392},
note={LNCS 255},
year=1987}
