This file was created with JabRef 2.1 beta.
Encoding: Cp1252

@STRING{POPL = {ACM Symposium on Principles of Programming Languages}}

@inproceedings{AM98a,
author={S. Abramsky and G. McCusker},
title={Game Semantics},
editor={H. Schwichtenberg and U. Berger},
booktitle={Logic and Computation: Proceedings of the 1997 Marktoberdorf Summer School},
publisher={Springer-Verlag},
year=1998}


@INPROCEEDINGS{DBLP:conf/fossacs/AehligMO05,
  author = {Klaus Aehlig and Jolie G. de Miranda and C.-H. Luke Ong},
  title = {Safety Is not a Restriction at Level 2 for String Languages.},
  booktitle = {FoSSaCS},
  year = {2005},
  pages = {490-504},
  bibsource = {DBLP, http://dblp.uni-trier.de},
  crossref = {DBLP:conf/fossacs/2005},
  ee = {http://springerlink.metapress.com/openurl.asp?genre=article{\&}issn=0302-9743{\&}volume=3441{\&}spage=490}
}

@INPROCEEDINGS{DBLP:conf/sas/DimovskiGL05,
  author = {Aleksandar Dimovski and Dan R. Ghica and Ranko Lazic},
  title = {Data-Abstraction Refinement: A Game Semantic Approach.},
  booktitle = {SAS},
  year = {2005},
  pages = {102-117},
  bibsource = {DBLP, http://dblp.uni-trier.de},
  crossref = {DBLP:conf/sas/2005},
  ee = {http://dx.doi.org/10.1007/11547662_9}
}

@INPROCEEDINGS{abramsky:mchecking_ia,
  author = {Samson Abramsky},
  title = {Semantics via game theory},
  booktitle = {Marktoberdorf International Summer School},
  year = {2001},
  note = {Lecture slides},
  owner = {William},
  timestamp = {2006.05.12}
}

@INPROCEEDINGS{abramsky94full,
  author = {Samson Abramsky and Pasquale Malacaria and Radha Jagadeesan},
  title = {Full Abstraction for {PCF}},
  booktitle = {Theoretical Aspects of Computer Software},
  year = {1994},
  pages = {1-15},
  url = {citeseer.ist.psu.edu/abramsky95full.html}
}

@INPROCEEDINGS{abramsky:game-semantics,
  author = {Samson Abramsky and Guy McCusker},
  title = {Game Semantics},
  booktitle = {Proceedings of Marktorberdorf '97 Summerschool},
  year = {1997},
  note = {Lecture notes},
  library = {SCS-8},
  url = {citeseer.ist.psu.edu/abramsky99game.html}
}


@inproceedings{ abramsky92games,
    author = "S. Abramsky and R. Jagadeesan",
    title = "Games and Full Completeness for Multiplicative Linear Logic",
    booktitle = "Foundations of Software Technology and Theoretical Computer Science ({FST}-{TCS}'92)",
    address = "New Delhi, India",
    editor = "R. Shyamasundar",
    pages = "291-301",
    year = "1992",
    url = "citeseer.ist.psu.edu/article/abramsky94games.html" }


@INPROCEEDINGS{ghicamccusker00,
  author = {Dan R. Ghica and Guy McCusker},
  title = {Reasoning about Idealized {\sc Algol} Using Regular Languages},
  booktitle = {Proceedings of 27th International Colloquium on Automata, Languages and Programming ICALP 2000},
  year = {2000},
  volume = {1853},
  series = {LNCS},
  pages = {103--116},
  publisher = {Springer-Verlag},
  url = {citeseer.ist.psu.edu/ghica00reasoning.html}
}

@PHDTHESIS{huet76,
  author = {G{\'e}rard P. Huet},
  title = {R{\'e}solution d'{\'e}quations dans des langages d'ordre 1,2,...,$\omega$},
  school = {Universit{\'e} Paris VII},
  year = {1976},
  type = {Th{\`e}se de Doctorat es Sciences Math{\'e}matiques},
  month = {Septembre}
}

@ARTICLE{DBLP:journals/tcs/Huet75,
  author = {G{\'e}rard P. Huet},
  title = {A Unification Algorithm for Typed lambda-Calculus.},
  journal = {Theor. Comput. Sci.},
  year = {1975},
  volume = {1},
  pages = {27-57},
  number = {1},
  bibsource = {DBLP, http://dblp.uni-trier.de}
}

@ARTICLE{hylandong_pcf,
  author = {J. M. E. Hyland and C.-H. L. Ong},
  title = {On full abstraction for {PCF}: {I, II, and III}},
  journal = {Information and Computation},
  year = {2000},
  volume = {163},
  pages = {285--408},
  number = {2},
  month = {December},
  address = {Duluth, MN, USA},
  doi = {http://dx.doi.org/10.1006/inco.2000.2917},
  issn = {0890-5401},
  publisher = {Academic Press, Inc.}
}

@ARTICLE{DBLP:journals/tcs/JensenP76,
  author = {D. C. Jensen and Tomasz Pietrzykowski},
  title = {Mechanizing {\it mega}-Order Type Theory Through Unification.},
  journal = {Theor. Comput. Sci.},
  year = {1976},
  volume = {3},
  pages = {123-171},
  number = {2},
  bibsource = {DBLP, http://dblp.uni-trier.de}
}

@UNPUBLISHED{Ong2005,
  author = {C.-H. L. Ong},
  title = {Safe Lambda Calculus: Some Questions},
  note = {Note on the safe lambda calculus.},
  month = {December},
  year = {2005}
}

@ARTICLE{ong01,
  author = {Luke Ong},
  title = {Algorithmic game semantics: a tutorial introduction. },
  year = {2001},
  owner = {William},
  publisher = {Proceedings of 2001 Marktoberdorf International Summer School, 2002.},
  timestamp = {2006.05.12}
}

@ARTICLE{DBLP:journals/tcs/Plotkin77,
  author = {Gordon D. Plotkin},
  title = {{LCF} Considered as a Programming Language.},
  journal = {Theor. Comput. Sci.},
  year = {1977},
  volume = {5},
  pages = {225-255},
  number = {3},
  bibsource = {DBLP, http://dblp.uni-trier.de}
}

@INCOLLECTION{Reynolds81,
  author = {John C. Reynolds},
  title = {The Essence of ALGOL},
  booktitle = {Algorithmic Languages},
  publisher = {IFIP, North-Holland},
  year = {1981},
  editor = {J. W. de Bakker and J. C. van Vliet},
  pages = {345-372},
  address = {Amsterdam},
  annote = {Principles behind ALGOL. 29 references.},
  key = {Reynolds}
}

@ARTICLE{scott93,
  author = {Dana S. Scott},
  title = {A type-theoretical alternative to ISWIM, CUCH, OWHY},
  journal = {Theor. Comput. Sci.},
  year = {1993},
  volume = {121},
  pages = {411--440},
  number = {1-2},
  address = {Essex, UK},
  doi = {http://dx.doi.org/10.1016/0304-3975(93)90095-B},
  issn = {0304-3975},
  publisher = {Elsevier Science Publishers Ltd.}
}

@PROCEEDINGS{DBLP:conf/sas/2005,
  title = {Static Analysis, 12th International Symposium, SAS 2005, London,
    UK, September 7-9, 2005, Proceedings},
  year = {2005},
  editor = {Chris Hankin and Igor Siveroni},
  volume = {3672},
  series = {Lecture Notes in Computer Science},
  publisher = {Springer},
  bibsource = {DBLP, http://dblp.uni-trier.de},
  booktitle = {SAS},
  isbn = {3-540-28584-9}
}

@PROCEEDINGS{DBLP:conf/fossacs/2005,
  title = {Foundations of Software Science and Computational Structures, 8th
    International Conference, FOSSACS 2005, Held as Part of the Joint
    European Conferences on Theory and Practice of Software, ETAPS 2005,
    Edinburgh, UK, April 4-8, 2005, Proceedings},
  year = {2005},
  editor = {Vladimiro Sassone},
  volume = {3441},
  series = {Lecture Notes in Computer Science},
  publisher = {Springer},
  bibsource = {DBLP, http://dblp.uni-trier.de},
  booktitle = {FoSSaCS},
  isbn = {3-540-25388-2}
}



@UNPUBLISHED{scott_lcf,
  AUTHOR =       {Dana Scott},
  TITLE =        {A theory of computable function of higher type},
  NOTE =         {Unpublished seminar notes, University of Oxford},
  year =         {1969}
}


@InProceedings{Nickau:lfcs94,
  author =       "Hanno Nickau",
  title =        "Hereditarily Sequential Functionals",
  editor =       "Anil Nerode and Yu. V. Matiyasevich",
  booktitle =    "Proc. Symp. Logical Foundations of Computer Science:
                 Logic at St.\ Petersburg",
  publisher =    "Springer-Verlag",
  volume =       "813",
  series =       "Lecture Notes in Computer Science",
  pages =        "253--264",
  year =         "1994",
}



@INPROCEEDINGS{lor61,
  AUTHOR =       {Paul Lorenzen},
  TITLE =        {Ein dialogisches Konstruktivit\"atskriterium},
  YEAR =         {1961},
  BOOKTITLE =    {Infinitistic Methods.},
  editor =       {PWN, Warsaw},
  pages =        {193-200},
}


@article{ honda99gametheoretic,
    author = "Kohei Honda and Nobuko Yoshida",
    title = "Game-theoretic analysis of call-by-value computation",
    journal = "Theoretical Computer Science",
    volume = "221",
    number = "1--2",
    pages = "393--456",
    year = "1999",
    url = "citeseer.ist.psu.edu/article/honda97game.html" }

@inproceedings{ abramsky98callbyvalue,
    author = "Samson Abramsky and Guy McCusker",
    title = "Call-by-Value Games",
    booktitle = "Computer Science Logic: 11th International Workshop Proceedings",
    publisher = "Springer-Verlag",
    editor = "Mogens Nielsen and Wolfgang Thomas",
    year = "1998",
    url = "citeseer.ist.psu.edu/abramsky97callbyvalue.html" }

@article{DBLP:journals/apal/AbramskyJ05,
  author    = {Samson Abramsky and
               Radha Jagadeesan},
  title     = {A game semantics for generic polymorphism.},
  journal   = {Ann. Pure Appl. Logic},
  volume    = {133},
  number    = {1-3},
  year      = {2005},
  pages     = {3-37},
  ee        = {http://dx.doi.org/10.1016/j.apal.2004.10.002},
  bibsource = {DBLP, http://dblp.uni-trier.de}
}

@book{CroleRL:catt,
 author     = {Crole, Roy},
 title      = {Categories for Types},
 publisher  = {Cambridge University Press},
 series     = {Cambridge Mathematical Textbooks},
 year       = 1993,
 isbn       = 0521450926}


@article{hoare_csp,
 author = {C. A. R. Hoare},
 title = {Communicating sequential processes},
 journal = {Commun. ACM},
 volume = {26},
 number = {1},
 year = {1983},
 issn = {0001-0782},
 pages = {100--106},
 doi = {http://doi.acm.org/10.1145/357980.358021},
 publisher = {ACM Press},
 address = {New York, NY, USA},
 }


@PhdThesis{McC96b,
  author =   "G. McCusker",
  title =    "Games and Full Abstraction for a Functional
          Metalanguage with Recursive Types",
  school =   "Imperial College",
  year =     "1996",
  OPTcrossref =  "",
  OPTkey =   "",
  OPTaddress =   "",
  OPTmonth =     "",
  OPTtype =      "",
  OPTnote =      "",
  OPTannote =    ""
}
