This file was created with JabRef 2.1 beta.
Encoding: Cp1252

@TECHREPORT{safety-mirlong2004,
  author = {Klaus Aehlig and Jolie G. de Miranda and C.-H. Luke Ong},
  title = {Safety is not a restriction at Level 2 for string languges},
  institution = {University of Oxford},
  year = {2004},
  timestamp = {2006.05.12}
}

@INPROCEEDINGS{KNU02,
  author = {T.~Knapik and D.~Niwi{\'n}ski and P.~Urzyczyn},
  title = {Higher-order pushdown trees are easy},
  booktitle = {FOSSACS'02},
  year = {2002},
  pages = {205-222},
  publisher = {Springer},
  note = {LNCS Vol.~2303},
  timestamp = {2006.05.12}
}

@article{Dam82,
    author={W. Damm},
    title={The {IO-} and {OI}-hierarchy},
    journal={TCS},
    volume=20,
    pages={95-207},
    year=1982
}


@UNPUBLISHED{OngHoMchecking2006,
  author = {C.-H. L. Ong},
  title = {On model-checking trees generating by higher-order recursion schemes (Technical report)},
  note = {Preprint, 42 pp},
  url = {http://users.comlab.ox.ac.uk/luke.ong/publications/ntrees.pdf},
  year = {2006}
}

@INPROCEEDINGS{OngLics2006,
  author = {C.-H. L. Ong},
  title = {On model-checking trees generating by higher-order recursion schemes},
  note = {Extended abstract},
  year = {2006},
  BOOKTITLE = {Proceedings of IEEE Symposium on Logic in Computer Science.},
  publisher = {Computer Society Press},
}

@PHDTHESIS{demirandathesis,
  AUTHOR =       {Jolie G. de Miranda},
  TITLE =        {Structures generated by higher-order grammars and the safety constraint.},
  SCHOOL =       {University of Oxford},
  YEAR =         {2006},
  type =         {Forthcoming}
}

@inproceedings{DBLP:conf/tlca/Joly01,
  author    = {Thierry Joly},
  title     = {The Finitely Generated Types of the lambda-Calculus.},
  booktitle = {TLCA},
  year      = {2001},
  pages     = {240-252},
  ee        = {http://link.springer.de/link/service/series/0558/bibs/2044/20440240.htm},
  bibsource = {DBLP, http://dblp.uni-trier.de}
}

@inproceedings{lamping,
 author = {John Lamping},
 title = {An algorithm for optimal lambda calculus reduction},
 booktitle = {POPL '90: Proceedings of the 17th ACM SIGPLAN-SIGACT symposium on Principles of programming languages},
 year = {1990},
 isbn = {0-89791-343-4},
 pages = {16--30},
 location = {San Francisco, California, United States},
 doi = {http://doi.acm.org/10.1145/96709.96711},
 publisher = {ACM Press},
 address = {New York, NY, USA},
 }

@inproceedings{DBLP:conf/lics/AspertiDLR94,
  author    = {Andrea Asperti and
               Vincent Danos and
               Cosimo Laneve and
               Laurent Regnier},
  title     = {Paths in the lambda-calculus},
  booktitle = {LICS},
  year      = {1994},
  pages     = {426-436},
  crossref  = {DBLP:conf/lics/LICS9},
  bibsource = {DBLP, http://dblp.uni-trier.de}
}

@proceedings{DBLP:conf/lics/LICS9,
  title     = {Proceedings, Ninth Annual IEEE Symposium on Logic in Computer
               Science, 4-7 July 1994, Paris, France},
  booktitle = {LICS},
  publisher = {IEEE Computer Society},
  year      = {1994},
  bibsource = {DBLP, http://dblp.uni-trier.de}
}

  @InProceedings{DanosRegnier-Localandasynchronou,
    author =     {Vincent Danos and Laurent Regnier},
    title =      {Local and asynchronous beta-reduction (an analysis of Girard's execution formula) },
    booktitle =  {Proceedings of the Eighth Annual IEEE Symp. on Logic in Computer Science, {LICS} 1993},
    year =   1993,
    editor =     {Moshe Vardi},
    month =  {June},
    pages =      {296--306},
    location =   {Montreal, Canada},
    publisher =  {IEEE Computer Society Press}
  }


@inproceedings{DBLP:conf/tlca/LeivantM93,
  author    = {Daniel Leivant and
               Jean-Yves Marion},
  title     = {Lambda calculus characterizations of poly-time.},
  booktitle = {TLCA},
  year      = {1993},
  pages     = {274-288},
  crossref  = {DBLP:conf/tlca/1993},
  bibsource = {DBLP, http://dblp.uni-trier.de}
}

@proceedings{DBLP:conf/tlca/1993,
  editor    = {Marc Bezem and
               Jan Friso Groote},
  title     = {Typed Lambda Calculi and Applications, International Conference
               on Typed Lambda Calculi and Applications, TLCA '93, Utrecht,
               The Netherlands, March 16-18, 1993, Proceedings},
  booktitle = {TLCA},
  publisher = {Springer},
  series    = {Lecture Notes in Computer Science},
  volume    = {664},
  year      = {1993},
  isbn      = {3-540-56517-5},
  bibsource = {DBLP, http://dblp.uni-trier.de}
}


@comment{jabref-meta: selector_journal:}

@comment{jabref-meta: selector_author:}

@comment{jabref-meta: selector_keywords:}

@comment{jabref-meta: selector_publisher:}
