@MISC{blumtransfer,
  author =       {W. Blum},
  title =        {Transfer thesis},
  howpublished = {University of Oxford},
  year =         {2006},
  month =        {August}
}


@inproceedings{abramsky:game-semantics-tutorial,
    author = {S. Abramsky and G. McCusker},
    title={Game Semantics},
    booktitle={Logic and Computation: Proceedings of the 1997 Marktoberdorf Summer School},
    publisher={Springer-Verlag},
    note = {Lecture notes},
    year=1998
}

@TECHREPORT{safety-mirlong2004,
  author = {K. Aehlig and J.G. de Miranda and C.-H. L. Ong},
  title = {Safety is not a restriction at Level 2 for string languages},
  institution = {University of Oxford},
  year = {2004},
  timestamp = {2006.05.12}
}

@INPROCEEDINGS{KNU02,
  author = {T.~Knapik and D.~Niwi{\'n}ski and P.~Urzyczyn},
  title = {Higher-order pushdown trees are easy},
  booktitle = {FOSSACS},
  year = {2002},
  pages = {205-222},
  publisher = {Springer},
  note = {LNCS Vol.~2303},
  timestamp = {2006.05.12}
}

@INPROCEEDINGS{OngLics2006,
  author = {C.-H. L. Ong},
  title = {On model-checking trees generating by higher-order recursion schemes},
  note = {},
  year = {2006},
  BOOKTITLE = {Proceedings of LICS.},
  publisher = {Computer Society Press},
}
